2409 3825
1137 192 1218 252 111

347 387 483 429 cum
505 365 781 441 redeunt,
807 363 1074 441 fetusque
1099 361 1286 422 ferunt
1309 365 1612 442 variosque
1635 362 1868 442 lepores
1884 409 1902 441 ‚

151 466 310 517 1005
340 471 462 512 nec
489 460 677 510 tamen
701 446 1001 526 explemur
1020 446 1154 505 vitai
1176 446 1455 507 fructibus
1478 465 1737 525 umquam
1754 493 1772 524 ,

346 537 468 596 hoc
485 580 503 611 ‚
527 542 589 592 ut
618 533 853 610 opinor,
879 529 935 589 id
958 538 1048 590 est
1064 575 1081 605 ,
1106 546 1251 589 aevo
1275 529 1516 592 florente
1538 529 1759 609 puellas

349 619 508 698 quod
530 624 839 677 memorant
863 613 1090 674 laticem
1112 622 1403 692 pertusum
1428 631 1746 692 congerere
1774 616 1829 671 in
1850 633 1950 675 vas
1968 661 1986 692 ‚

353 701 511 781 quod
532 710 721 761 tamen
742 697 968 777 expleri
989 695 1143 756 nulla
1162 699 1378 758 ratione
1411 707 1683 775 potestur.

359 785 652 847 Cerberus
677 793 737 843 et
764 781 966 842 Furiae
989 783 1095 840 iam
1117 797 1259 841 vero
1274 827 1293 857 ,
1317 791 1378 841 et
1398 781 1544 843 lucis
1567 800 1787 861 egenus

153 883 320 935 1010
356 869 622 930 Tartarus
644 866 957 927 horriferos
982 873 1246 926 eructans
1269 866 1527 926 faucibus
1551 874 1745 927 aestus
1761 911 1778 941 ‚

356 950 532 1033 quid?
553 969 740 1029 neque
765 960 894 1011 sunt
915 966 1152 1028 usquam
1171 968 1282 1009 nec
1304 959 1545 1028 possunt
1568 969 1703 1011 esse
1726 950 2023 1029 profecto:

356 1036 463 1098 sed
484 1044 668 1096 metus
688 1036 746 1093 in
765 1036 881 1093 vita
903 1050 1212 1111 poenarum
1234 1051 1340 1112 pro
1362 1033 1508 1094 male
1531 1034 1696 1094 factis

358 1131 450 1181 est
472 1120 791 1196 insignibus
816 1119 1053 1194 insignis
1069 1162 1086 1193 ‚
1110 1115 1472 1195 scelerisque
1495 1116 1669 1177 luella
1685 1164 1702 1195 ‚

355 1222 557 1266 carcer
579 1214 636 1263 et
665 1201 951 1262 horribilis
980 1199 1051 1260 de
1075 1217 1213 1260 saxo
1236 1203 1402 1260 iactu’
1426 1201 1691 1280 deorsum
1707 1246 1725 1277 ‚

155 1303 319 1356 1015
357 1287 636 1363 verbera,
664 1287 961 1346 carnifices
977 1330 996 1361 ,
1017 1284 1230 1361 robur,
1255 1286 1385 1363 pix,
1412 1284 1699 1363 lammina,
1723 1285 1954 1355 taedae3

357 1391 502 1451 quae
532 1380 717 1431 tamen
743 1371 850 1429 etsi
879 1369 1115 1444 absunt,
1140 1377 1196 1428 at
1218 1387 1376 1428 mens
1401 1370 1507 1429 sibi
1525 1415 1543 1447 ,
1571 1371 1802 1429 conscia
1825 1369 1989 1430 factis
2006 1416 2024 1447 ,

354 1463 755 1536 praemetuens
777 1452 1007 1513 adhibet
1029 1451 1288 1528 stimulos
1314 1462 1606 1532 terretque
1631 1451 1873 1530 flagellis
1888 1498 1906 1529 ,

355 1559 469 1601 nec
489 1538 646 1598 videt
666 1540 884 1597 interea
909 1538 1003 1614 qui
1024 1538 1296 1596 terminus
1328 1555 1462 1597 esse
1489 1538 1761 1596 malorum

354 1625 542 1704 possit
564 1640 675 1682 nec
703 1640 848 1700 quae
871 1623 946 1680 sit
973 1637 1283 1699 poenarum
1303 1619 1547 1700 denique
1579 1621 1702 1681 finis
1718 1666 1735 1697 ‚

2088 195 2172 257 89

169 1721 319 1774 1020
355 1719 527 1787 atque
554 1705 754 1766 eadem
774 1706 969 1764 metuit
990 1705 1171 1781 magis
1188 1703 1333 1764 haec
1355 1722 1428 1764 ne
1452 1708 1508 1764 iu
1533 1713 1713 1764 morte
1738 1715 2091 1781 gravescant.

353 1792 449 1852 hic
471 1789 791 1850 Acherusia
813 1789 872 1848 fit
895 1788 1193 1849 stultorum
1217 1787 1462 1866 denique
1483 1790 1614 1848 vita.

438 1874 564 1935 Hoc
585 1875 753 1934 etiam
775 1872 875 1934 tibi
896 1881 1016 1934 tute
1037 1872 1316 1932 interdum
1338 1870 1533 1933 dicere
1555 1873 1765 1951 possis.

366 1952 597 2018 ‘lumina
618 1961 698 2019 sis
723 1957 905 2018 oculis
939 1959 1106 2017 etiam
1131 1956 1313 2017 bonus
1336 1957 1518 2017 Ancu‘
1541 1957 1802 2036 reliquit3

357 2046 452 2123 qui
473 2042 677 2102 melior
698 2040 886 2101 multis
912 2058 1076 2119 quam
1096 2050 1157 2101 tu
1179 2040 1284 2099 fuit
1298 2086 1316 2118 ,
1341 2041 1599 2119 improbe
1615 2087 1632 2118 ‚
1656 2042 1848 2101 rebus.

163 2141 317 2194 1025
353 2127 488 2187 inde
509 2125 603 2186 alii
624 2125 782 2185 multi
804 2143 977 2202 reges
1002 2142 1307 2202 rerumque
1329 2134 1597 2202 potentes

358 2210 693 2272 occiderunt
708 2255 726 2286 ,
751 2210 968 2285 magnis
992 2210 1086 2286 qui
1110 2207 1376 2285 gentibus
1400 2209 1803 2288 imperitarunt.

355 2294 456 2355 ille
480 2311 709 2373 quoque
731 2295 859 2371 ipse
874 2338 892 2369 ,
914 2294 1059 2351 viam
1086 2294 1182 2370 qui
1207 2291 1485 2370 quondam
1507 2311 1615 2372 per
1637 2310 1788 2353 mare
1812 2310 2070 2369 magnum

357 2380 555 2439 stravit
575 2378 797 2457 iterque
821 2375 977 2436 dedit
997 2375 1320 2453 legionibus
1344 2379 1427 2436 ire
1450 2395 1557 2455 per
1577 2375 1748 2435 altum

354 2481 424 2523 ac
446 2460 690 2542 pedibus
715 2459 895 2521 salsas
917 2460 1111 2520 docuit
1134 2462 1393 2538 superire
1415 2459 1650 2520 lucunas

162 2558 320 2612 1030
357 2556 414 2606 et
441 2546 743 2606 contemsit
763 2546 928 2622 equis
950 2541 1224 2603 insultans
1246 2560 1523 2604 murmura
1547 2545 1736 2622 ponti,

355 2630 563 2689 lumine
584 2628 849 2707 adempto
870 2629 1104 2686 animam
1123 2627 1459 2687 moribundo
1483 2645 1727 2706 corpore
1752 2626 1910 2686 fudit.

358 2712 684 2792 Scipiadas,
713 2710 851 2772 belli
873 2710 1087 2770 fulmen
1104 2756 1122 2787 ,
1154 2709 1508 2788 Carthaginis
1531 2711 1765 2787 horror,

358 2815 490 2857 ossa
513 2795 668 2856 dedit
688 2807 876 2856 terrae
897 2794 1136 2873 proinde
1160 2812 1229 2854 ac
1251 2795 1419 2854 famul
1440 2796 1659 2854 infimus
1684 2803 1860 2855 esset.

354 2880 498 2940 adde
519 2889 852 2959 repertores
876 2879 1253 2938 doctrinarum
1274 2888 1445 2957 atque
1470 2878 1730 2958 leporum
1744 2924 1762 2955 ,

169 2975 318 3030 1035
355 2963 500 3024 adde
521 2962 950 3024 Heliconiadum
973 2965 1240 3033 comites;
1265 2979 1500 3041 quorum
1524 2980 1665 3022 unus
1688 2961 1966 3021 Homerus
2074 3039 2087 3048 „

356 3056 587 3126 sceptra
609 3050 822 3126 potitus
845 3046 1044 3107 eadem
1065 3045 1188 3107 aliis
1216 3047 1424 3125 sopitu’
1452 3048 1717 3126 quietest.

357 3131 602 3210 denique
625 3130 1013 3191 Democritum
1034 3138 1334 3209 postquam
1354 3140 1566 3190 matura
1587 3138 1841 3189 vetustas

354 3214 637 3276 admonuit
656 3232 940 3275 memores
962 3222 1148 3273 motus
1170 3213 1549 3291 languescere
1571 3216 1773 3274 mentis
1791 3259 1809 3291 ,

356 3307 564 3378 sponte
584 3317 687 3361 sua
707 3297 829 3360 leto
855 3307 1026 3377 caput
1055 3299 1257 3358 obvius
1291 3297 1495 3377 optulit
1519 3299 1665 3376 ipse.

163 3391 321 3447 1040
354 3383 482 3461 ipse
506 3382 792 3462 Epicurus
817 3383 880 3442 iit
901 3381 1147 3441 decurso
1174 3380 1384 3441 lumine
1406 3384 1555 3442 vitae
1573 3427 1590 3459 ‚

355 3467 458 3544 qui.
477 3485 661 3544 genus
688 3466 984 3525 humanum
1005 3466 1233 3542 ingenio
1256 3465 1544 3543 superavit
1574 3473 1632 3524 et
1653 3465 1832 3523 omnis
