2409 3825
952 164 1201 213 SATIRA
1245 164 1292 211 1.
2048 154 2084 213 3

119 308 260 369 Non
309 323 459 382 egn,
507 321 678 383 quum
724 302 952 378 scribo,
1006 304 1053 361 si
1104 304 1259 362 forte
1306 304 1441 382 quid
1488 304 1676 383 aptius
1723 307 1840 366 exit
1868 341 1953 351 —
2016 316 2086 369 45

122 390 372 465 Quando
417 388 565 448 haec
607 404 736 448 rara
783 388 906 446 avis
955 395 1045 445 est
1079 420 1161 431 —-
1197 389 1247 445 si
1290 387 1424 465 quid
1472 397 1658 447 tamen
1707 392 1891 467 aptius
1944 394 2084 466 exit,

119 474 372 535 Laudari
419 467 692 545 metuam,
742 487 931 549 neque
979 471 1129 529 enim
1170 470 1305 529 mihi
1352 487 1565 531 cornea
1609 472 1752 532 fibra
1799 483 1917 542 est;

122 558 250 618 Sed
298 556 443 614 recti
491 554 776 631 finemque
829 562 1260 630 extremumque
1302 572 1436 613 esse
1486 573 1699 615 recuso

121 640 299 717 Euge
344 647 497 697 tuum
542 645 602 695 et
644 636 824 696 helle.
897 635 1040 695 Nam
1083 635 1243 696 helle
1289 638 1403 697 hoc
1451 649 1662 698 excute
1708 626 1916 700 totum:

124 723 284 795 Quid
327 738 441 780 non
486 721 634 778 intus
681 716 899 778 habet?
951 736 1063 777 non
1106 720 1201 782 hic
1248 729 1338 779 est
1386 720 1520 780 Ilias
1567 721 1687 780 Atti
2021 735 2090 785 50

123 806 310 867 Ebria
353 799 629 863 veratro?
678 819 792 860 non
836 804 885 860 si
928 820 1039 880 qua
1088 802 1337 878 elegidia
1384 802 1543 864 erudi
1587 847 1595 864 2

122 890 432 949 Dictarunt
472 883 828 964 proceres?
846 902 960 943 non
1004 885 1278 964 quidquid
1324 886 1573 965 denique
1616 888 1785 947 lectis

126 970 416 1032 Scribitur
459 972 516 1028 in
562 965 800 1030 citreis?
851 966 1107 1048 Calidum
1154 971 1273 1028 scis
1316 988 1539 1050 ponere
1590 989 1811 1046 sumen,

127 1056 266 1116 Scis
313 1054 579 1112 comitem
624 1052 978 1111 horridulum
1020 1053 1151 1111 trita
1198 1053 1416 1113 donare
1467 1053 1728 1130 lacerna,

126 1138 236 1198 Et:
287 1155 528 1212 verum,
575 1137 793 1213 inquis,
843 1154 1018 1196 amo:
1063 1154 1277 1197 verum
1319 1138 1463 1199 milli
1508 1140 1694 1199 dicite
1735 1136 1814 1198 de
1850 1157 1964 1199 me.
2022 1150 2088 1200 55

28 1245 29 1254 ¹
127 1221 247 1293 Qui
290 1216 472 1298 pote?
513 1220 600 1277 vis
648 1215 872 1278 dicam?
923 1222 1190 1295 nugaris,
1238 1239 1409 1298 quum
1437 1221 1581 1296 tibi,
1624 1220 1813 1296 calve,

124 1303 365 1379 Pinguis
411 1301 767 1380 aqualiculus
818 1311 1098 1380 protenso
1145 1304 1499 1382 sesquipede
1549 1312 1760 1363 exstet.

129 1387 182 1446 Ο
222 1387 394 1460 Iane,
443 1403 475 1444 a
523 1394 692 1460 tergo
736 1401 905 1461 quem
948 1384 1105 1444 nulla
1154 1388 1377 1446 ciconia
1421 1388 1616 1463 pinsit,

123 1469 260 1532 Nec
304 1486 501 1527 manus
547 1468 833 1527 auriculas
877 1468 1079 1526 imitari
1130 1468 1358 1527 mobilis
1412 1469 1596 1545 albas,

127 1553 259 1612 Nec
304 1552 571 1629 linguae,
620 1559 887 1629 quantum
930 1552 1083 1610 sitiat
1135 1553 1291 1610 canis
1332 1551 1597 1630 Appula,
1643 1554 1866 1613 tantae!
2024 1565 2093 1618 60

126 1637 292 1709 Vos,
338 1652 373 1693 o
427 1635 701 1713 patricius
746 1635 1014 1711 sanguis,
1061 1652 1209 1711 quos
1252 1637 1453 1695 vivere
1497 1636 1585 1694 fas
1625 1646 1715 1695 est

131 1719 387 1795 Occipiti
429 1733 643 1793 caeco,
689 1719 954 1794 posticae
999 1720 1288 1777 occurrite
1333 1719 1575 1779 sannae!
1635 1747 1638 1750 ¹

220 1801 362 1874 Quis
409 1800 611 1882 populi
647 1818 838 1860 sermo
887 1798 1016 1860 est?
1062 1801 1189 1879 quis
1237 1803 1417 1877 enim,
1463 1804 1573 1861 nisi
1616 1805 1863 1861 carmina
1903 1802 2064 1862 molli

128 1886 299 1946 Nunc
340 1883 564 1945 demum
608 1901 844 1944 numero
889 1884 1105 1960 fluere,
1151 1893 1213 1945 ut
1256 1903 1362 1964 per
1399 1886 1532 1946 leve
1576 1903 1820 1946 severos

129 1967 401 2029 Effundat
436 1971 694 2028 iunctura
735 1965 1004 2050 ungues?
1049 1970 1171 2028 Scit
1214 1970 1455 2029 tendere
1501 1989 1734 2029 versum
2024 1980 2093 2034 65

131 2053 265 2113 Non
306 2069 478 2110 secus
532 2069 601 2110 ac
645 2052 694 2110 si
735 2053 908 2111 oculo
954 2051 1241 2112 rubricam
1284 2052 1491 2129 dirigat
1538 2069 1679 2122 uno;

135 2137 274 2197 Sive
320 2151 466 2213 opus
513 2136 571 2194 in
612 2152 837 2211 moreS,
882 2137 939 2194 in
989 2134 1215 2212 luxum,
1260 2137 1317 2194 in
1358 2136 1595 2214 prandia
1636 2154 1841 2213 regum

132 2219 385 2294 Dicere,
429 2236 527 2277 res
566 2218 819 2295 grandes
863 2227 1062 2278 nostro
1109 2218 1204 2278 dat
1246 2217 1411 2281 Musa
1455 2230 1687 2298 poetae.

74 2316 81 2321 ’
134 2303 295 2363 Ecce
341 2301 511 2361 modo
556 2301 766 2362 heroas
815 2319 1022 2362 sensus
1066 2302 1277 2362 afferre
1321 2300 1580 2364 videmus

27 2430 32 2438 l
133 2385 355 2461 Nugari
399 2384 606 2444 solitos
649 2403 897 2461 graece,
944 2404 1053 2445 nec
1095 2404 1319 2464 ponere
1363 2387 1595 2446 lucum
2028 2395 2096 2448 70

135 2469 408 2529 Artifices
453 2486 564 2526 nec
611 2486 709 2526 rus
754 2478 1004 2528 saturum
1044 2468 1313 2543 laudare,
1365 2469 1461 2528 ubi
1506 2470 1718 2529 corbes

28 2594 33 2597 -
136 2551 213 2612 Et
262 2551 428 2611 focus
473 2560 532 2610 et
575 2552 740 2629 porci
789 2561 845 2611 et
885 2553 1108 2611 fumosa
1143 2551 1346 2611 Palilia
1389 2553 1587 2627 foen0,

134 2632 301 2695 Unde
346 2634 560 2693 Remus
607 2633 889 2713 sulcoque
926 2643 1130 2694 terens
1181 2634 1461 2711 dentalia,
1510 2636 1725 2710 Quinti,

139 2718 326 2790 Quem
379 2717 604 2795 trepida
647 2727 778 2777 ante
822 2718 1004 2776 boves
1051 2718 1390 2777 dictaturam
1434 2719 1610 2779 induit
1645 2735 1802 2777 uxor

27 2860 33 2887 .
136 2800 214 2860 Et
256 2809 350 2859 tua
397 2810 585 2860 aratra
632 2800 857 2860 domum
897 2801 1069 2861 lictor
1124 2801 1359 2859 tulit—
1409 2819 1561 2878 euge
1604 2801 1810 2885 poeta!
2031 2788 2098 2861 75

136 2883 245 2943 Est
285 2901 432 2943 nunc
483 2883 703 2942 Brisaei
751 2902 920 2962 quem
963 2899 1217 2943 venosus
1267 2883 1417 2944 liber
1461 2885 1631 2960 Acci,

27 3002 36 3049 l
140 2968 283 3027 Sunt
334 2984 481 3045 quos
531 2965 927 3046 Pacuviusque
977 2977 1034 3026 et
1077 2984 1395 3028 verrucosa
1442 2977 1699 3027 moretur

28 3058 31 3075 ³
138 3049 423 3126 Antiopa,
471 3051 756 3109 aerumnis
810 3068 913 3110 cor
958 3049 1332 3109 luctificabile
1372 3049 1555 3110 fulta?

28 3208 41 3223 f
138 3131 260 3193 Hos
309 3133 504 3209 pueris
551 3135 797 3192 monitus
844 3142 1040 3211 patres
1089 3133 1392 3192 infundere
1436 3134 1631 3212 lippos

28 3470 35 3499 ἑ

143 3214 326 3288 Quum
370 3215 602 3290 videaS,
650 3218 986 3294 quaerisne,
1041 3215 1188 3274 unde
1235 3216 1385 3275 haec
1429 3225 1662 3293 sartago
1713 3214 1986 3293 loquendi
2030 3222 2110 3287 80,

140 3297 379 3357 Venerit
422 3298 478 3357 in
524 3299 785 3375 linguas,
835 3299 985 3359 unde
1035 3301 1181 3358 istuc
1228 3298 1517 3373 dedecuS,
1568 3301 1625 3358 in
1669 3315 1782 3376 quo

145 3379 453 3440 Trossulus
503 3382 752 3442 exsultat
800 3381 902 3442 tibi
951 3400 1058 3461 per
1100 3380 1384 3443 subsellia
1430 3379 1625 3442 levis?

1592 3459 1690 3522 1*
