2409 3825
1142 232 1169 291 Ι

318 407 565 480 propter
585 406 905 477 egestatem
925 397 1153 475 linguae
1177 406 1237 456 et
1260 411 1451 457 rernm
1472 399 1811 458 novitatem:

185 494 299 547 140
331 482 438 545 sed
460 492 556 543 tua
577 500 670 543 me
706 483 886 542 virtus
914 490 1101 541 tamen
1124 489 1182 539 et
1204 490 1435 560 sperata
1455 479 1721 560 voluptas

324 569 514 629 suavis
542 567 821 627 amicitiae
852 566 1110 644 quemvis
1135 565 1376 625 sufferre
1400 563 1656 624 laborem

324 650 528 712 suadet
558 649 854 710 etinducit
876 657 1082 709 noctes
1106 648 1347 726 vigilare
1371 666 1607 709 serenas
1624 695 1642 726 ‚

325 739 696 813 quaerentem
717 732 884 793 dictis
916 732 1119 811 quibus
1147 742 1205 792 et
1226 748 1339 811 quo
1365 734 1612 792 carmine
1637 731 1859 792 demum

326 818 481 878 clara
503 826 632 878 tuae
656 816 875 896 possim
895 815 1289 895 praepandere
1320 815 1526 876 lumina
1548 817 1723 876 menti
1736 813 1754 894 ,'

187 911 295 964 145
326 920 426 963 res
455 902 660 981 quibus
687 899 944 961 occultas
966 901 1194 979 penitus
1222 901 1526 961 convisere
1549 902 1759 980 possis.

406 984 572 1045 Hunc
601 986 777 1062 igitur
796 993 1075 1044 terrorem
1094 985 1260 1043 animi
1289 985 1672 1064 tenebrasque
1692 991 1998 1045 necessest

327 1088 442 1130 non
462 1068 603 1128 radii
626 1067 769 1129 solis
793 1086 983 1146 neque
1008 1066 1196 1127 lucida
1221 1066 1337 1127 tela
1360 1067 1472 1126 diei
1907 1060 1922 1068 ⁸

327 1154 662 1229 discutiant,
689 1151 795 1213 sed
815 1161 1046 1212 naturae
1069 1154 1304 1230 species
1334 1152 1609 1229 ratioque.

326 1238 661 1317 principium
687 1237 846 1295 cuius
868 1235 1000 1295 hinc
1028 1237 1194 1296 nobis
1219 1235 1450 1295 exordia
1471 1245 1687 1312 sumet,

192 1332 300 1385 150
325 1320 535 1381 nullam
556 1338 678 1379 rem
702 1339 734 1379 e
758 1317 875 1378 nilo
900 1320 1058 1397 gigni
1082 1318 1344 1378 divinitus
1369 1333 1643 1397 umquam.

327 1406 542 1486 qqupe
565 1406 641 1463 ita
663 1402 903 1462 formido
927 1402 1177 1463 mortalis
1205 1404 1459 1463 continet
1482 1404 1662 1462 omnis
1680 1449 1697 1479 ,

330 1487 482 1567 quod
502 1486 674 1547 multa
697 1488 754 1546 in
777 1489 944 1547 terris
969 1488 1092 1546 fieri
1119 1486 1401 1566 caeloque
1428 1495 1687 1564 tuentur,

327 1590 566 1652 quorum
589 1588 826 1650 operum
852 1589 1050 1632 causas
1079 1570 1233 1629 nulla
1255 1572 1471 1629 ratione
1491 1570 1689 1631 videre

328 1665 570 1736 possunt
597 1673 666 1715 ae
691 1656 813 1716 fieri
838 1654 1025 1714 divino
1048 1656 1274 1714 numine
1295 1663 1507 1713 rentur.

190 1750 298 1803 155
331 1759 470 1819 quas
501 1741 575 1799 ob
598 1758 694 1800 res
716 1738 813 1798 ubi
836 1739 1140 1799 viderimus
1163 1738 1241 1797 nil
1264 1753 1443 1816 posse
1471 1738 1651 1796 creari

332 1825 402 1885 de
427 1824 543 1884 nilo
559 1870 577 1901 ,
601 1833 718 1884 tum
739 1822 892 1903 quod
923 1825 1213 1902 sequimur
1235 1823 1343 1880 iam
1364 1822 1579 1904 rectius
1603 1818 1732 1878 inde

331 1910 748 1989 perspiciemus
766 1955 783 1985 ‚
808 1916 868 1968 e't
888 1907 1037 1967 unde
1061 1916 1232 1987 queat
1254 1924 1350 1966 res
1376 1923 1638 1985 quaeque
1661 1905 1840 1966 creari
1923 1954 1928 1959 .

332 2004 392 2053 et
416 2010 528 2072 quo
553 2011 813 2072 quaeque
842 1992 1011 2051 modo
1038 1994 1167 2052 fiant
1192 2007 1370 2070 opera
1398 1991 1523 2051 sine
1554 1990 1757 2049 divom.

415 2076 556 2137 Nam
578 2079 627 2138 si
649 2075 721 2136 de
741 2076 857 2136 nilo
883 2078 1083 2137 fierent
1098 2122 1116 2153 ‚
1141 2094 1216 2135 ex
1237 2074 1480 2134 omnibu’
1504 2075 1678 2133 rebus

194 2172 305 2227 160
338 2179 504 2223 omne
526 2179 709 2240 genus
732 2163 891 2221 nasci
912 2169 1148 2240 posset,
1174 2158 1253 2218 nil
1277 2160 1492 2219 semine
1517 2165 1736 2235 egeret.

333 2265 367 2306 e
389 2263 542 2306 mare
575 2247 812 2325 primum
844 2244 1135 2321 homines,
1172 2263 1205 2303 e
1236 2252 1387 2303 terra
1409 2250 1614 2321 posset
1644 2242 1776 2300 oriri

332 2331 748 2409 squamigerum
771 2346 954 2406 genus
978 2337 1037 2389 et
1057 2326 1328 2387 volucres
1353 2343 1651 2405 erumpere
1681 2322 1871 2384 caelo:

332 2422 581 2475 armenta
602 2423 773 2494 atque
797 2412 940 2474 aliae
964 2412 1224 2492 pecudes
1240 2458 1258 2489 ‚
1283 2429 1466 2489 genus
1490 2427 1654 2469 omne
1679 2408 1955 2484 ferarum,

333 2500 554 2560 incerto
577 2508 741 2577 partu
766 2497 917 2557 culta
939 2516 1007 2558 ac
1030 2495 1259 2556 deserta
1282 2503 1575 2555 tenerent:

198 2593 307 2649 165
333 2601 444 2642 nec
469 2581 686 2643 fructus
708 2581 856 2642 idem
878 2581 1174 2642 arboribus
1213 2589 1475 2640 constare
1500 2576 1792 2658 solerent,

337 2666 439 2728 sed
463 2675 841 2743 mutarentur,
869 2666 1020 2726 ferre
1052 2683 1250 2724 omnes
1278 2664 1460 2722 omnia
1480 2669 1739 2740 possent.

333 2753 548 2831 quippe
566 2797 584 2830 ‚
610 2751 706 2811 ubi
727 2768 839 2809 non
866 2758 1062 2811 essent
1085 2747 1354 2827 genitalia
1385 2760 1628 2824 corpora
1651 2744 1855 2821 cuique
1872 2787 1888 2819 ‚

337 2837 431 2913 qui
451 2843 654 2914 posset
678 2845 856 2895 mater
877 2836 1051 2895 rebus
1078 2836 1398 2894 consistere
1434 2824 1732 2909 certa?-

333 2929 387 2980 at
410 2938 561 2980 nunc
584 2919 891 2981 seminibus
914 2920 1043 2997 quia
1068 2919 1242 2978 certis
1268 2929 1528 2995 quaeque
1556 2921 1815 2973 creantur
1831 2958 1846 2988 ‚

201 3011 310 3067 170
339 3003 468 3065 inde
494 3004 779 3065 enascitur
800 3013 969 3082 atque
998 3019 1125 3062 oras
1147 3005 1204 3061 in
1226 2999 1450 3059 luminis
1484 2999 1630 3073 exit,

333 3090 599 3150 materies
622 3089 716 3149 ubi
739 3091 887 3149 inest
908 3089 1180 3165 cuiusque
1207 3094 1265 3146 et
1290 3100 1529 3162 corpora
1552 3083 1756 3161 prima:

332 3181 504 3255 atque
522 3172 632 3233 hac
653 3191 719 3233 re
741 3180 1031 3252 nequeunt
1060 3189 1133 3231 ex
1157 3168 1415 3229 omnibus
1441 3168 1621 3227 omnia
1644 3165 1833 3243 gigni,

333 3256 490 3340 quod
513 3258 687 3318 certis
710 3259 767 3319 in
789 3257 964 3317 rebus
988 3258 1137 3315 inest
1160 3261 1386 3314 secreta
1412 3250 1682 3325 facultas-.-

332 3350 637 3421 praeterea
660 3360 761 3402 cur
779 3358 922 3402 vere
943 3357 1130 3400 rosam
1146 3383 1165 3415 ,
1191 3338 1468 3396 Frumenta
1493 3333 1683 3394 calore
1701 3379 1719 3410 ‚

195 3431 300 3489 175
328 3427 478 3486 vites
501 3435 766 3486 autumno
789 3424 946 3485 fundi
971 3422 1245 3484 suadente
1268 3419 1525 3480 videmus
1540 3463 1559 3494 ‚

329 3512 517 3571 sinon
532 3555 550 3586 ‚
580 3518 739 3570 certa
760 3525 866 3569 suo
892 3509 1022 3586 quia
1044 3515 1304 3582 tempore
1328 3503 1540 3564 semina
1561 3512 1749 3557 rerum
