2409 3825
338 461 585 539 demque
608 475 721 518 non
743 474 880 517 auro
903 475 998 516 res
1022 473 1216 516 aurum
1240 456 1469 536 copulat
1491 476 1631 535 una,

337 546 569 623 aerique
593 561 692 603 aes
717 540 947 620 plumbo
971 541 1031 599 fit
1054 541 1132 598 uti
1155 542 1415 619 iungatur
1444 542 1514 601 ab
1539 538 1708 602 albo?

342 637 536 688 cetera
559 629 665 686 iam
692 643 853 703 quam
878 623 1048 683 multa
1070 622 1211 685 licet
1233 627 1516 704 reperire.
1506 624 1678 704 'quid
1706 624 1895 705 ergo?

338 730 451 772 nec
475 711 574 771 tibi
597 720 707 770 tam
729 709 916 785 longis
940 725 1084 786 opus
1108 719 1197 769 est
1222 709 1550 787 ambagibus
1574 728 1805 790 usquam
1823 756 1841 788 ,

154 807 313 863 1080
345 814 457 855 nec
480 814 569 854 me
592 805 702 855 tam
725 791 951 851 multam
971 791 1064 850 hic
1089 808 1320 870 operam
1346 809 1682 854 consumere
1705 811 1809 872 par
1831 804 1921 855 est
1936 839 1952 872 2

345 880 451 940 sed
478 879 728 939 breviter
751 877 948 955 paucis
972 885 1223 955 praestat
1251 876 1660 955 comprendere
1681 877 1872 938 multa.

344 980 582 1042 quorum
605 965 680 1021 ita
707 969 966 1021 texturae
993 960 1323 1020 ceciderunt
1343 970 1529 1021 mutua
1555 971 1746 1021 contra
1764 1008 1781 1040 ‚

346 1058 406 1106 ut
432 1063 565 1106 cava
595 1045 931 1106 conveniant
956 1042 1140 1121 plenis
1170 1044 1315 1104 haec
1343 1043 1494 1105 illius
1517 1044 1613 1105 illa

346 1131 628 1208 huiusque
650 1131 800 1189 inter
823 1147 888 1189 se
907 1174 925 1206 ,
948 1130 1205 1187 iunctura
1228 1127 1372 1189 haec
1392 1130 1602 1208 optima
1626 1139 1865 1190 constat.

158 1225 315 1280 1085
353 1223 444 1274 est
471 1216 669 1291 etiam,
701 1213 860 1291 quasi
882 1221 940 1272 ut
963 1210 1163 1272 anellis
1187 1211 1480 1293 hamisque
1506 1213 1713 1292 plicata

350 1300 500 1358 inter
521 1317 585 1358 se
614 1296 885 1375 quaedam
906 1298 1128 1374 possint
1155 1296 1380 1375 coplata
1402 1298 1613 1366 teneri;

349 1380 504 1460 quod
531 1383 710 1457 magis
733 1383 790 1439 in
807 1379 994 1458 lapide
1019 1379 1132 1440 hoc
1157 1381 1279 1440 fieri
1302 1380 1570 1458 ferroque
1601 1380 1837 1440 videtur.

436 1464 599 1524 Nunc
627 1466 768 1525 ratio
793 1481 936 1542 quae
962 1465 1033 1523 sit
1055 1464 1267 1525 morbis
1286 1510 1303 1543 ,
1328 1474 1419 1525 aut
1440 1464 1586 1525 unde
1610 1473 1850 1544 repente

348 1548 694 1609 mortiferam
718 1550 905 1626 possit
931 1546 1150 1607 cladem
1174 1548 1422 1608 conflare
1455 1558 1647 1609 coorta

161 1643 320 1700 1090
349 1632 601 1693 morbida
623 1634 708 1692 vis
732 1631 1015 1690 hominum
1038 1633 1238 1708 generi
1263 1632 1659 1711 pecudumque
1686 1631 1930 1692 catervis

352 1717 667 1795 expediam.
694 1717 930 1795 primum
958 1713 1253 1774 multarum
1282 1717 1497 1775 semina
1517 1733 1704 1775 rerum

246 1806 263 1812 ‘
354 1819 493 1861 esse
517 1817 685 1878 supra
708 1798 876 1858 docui
902 1816 1045 1877 quae
1069 1800 1179 1860 sint
1197 1798 1386 1858 vitalia
1408 1799 1572 1859 nobis
1591 1845 1609 1877 ,

266 1933 273 1938 .
358 1895 418 1946 et
451 1893 645 1944 contra
669 1901 813 1962 quae
838 1883 947 1944 sint
971 1884 1169 1945 morbo
1194 1885 1475 1963 mortique
1502 1892 1807 1945 necessest

355 1967 528 2028 multa
547 1968 772 2028 volare:
799 1986 864 2027 ea
890 1985 1016 2027 cum
1043 1986 1178 2029 casu
1204 1978 1332 2028 sunt
1357 1967 1507 2028 forte
1534 1977 1730 2028 coorta

168 2064 321 2119 1095
355 2062 413 2113 et
441 2052 834 2130 perturbarunt
863 2048 1080 2111 caelum
1097 2097 1113 2129 ,
1140 2053 1199 2112 fit
1224 2052 1509 2112 morbidus
1534 2058 1650 2112 aer.

354 2146 526 2214 atque
551 2153 619 2195 ea
639 2137 724 2195 vis
753 2137 931 2194 omnis
955 2136 1280 2195 morborum
1303 2135 1699 2215 pestilitasque

357 2228 451 2279 aut
475 2220 829 2279 extrinsecus
853 2228 913 2278 ut
936 2220 1116 2280 nubes
1136 2218 1498 2299 nebulaeque
1524 2238 1773 2299 superne

282 2321 468 2390 per
489 2301 706 2362 caelum
735 2305 999 2380 veniunt,
1029 2313 1123 2363 aut
1146 2305 1272 2382 ipsa
1294 2323 1470 2383 saepe
1496 2314 1728 2365 coortae

32 2399 43 2494 k
282 2381 432 2447 de
461 2397 610 2447 terra
633 2396 901 2464 surgunt,
924 2387 1019 2446 ubi
1044 2397 1308 2465 putorem
1332 2387 1512 2448 umida
1534 2398 1751 2449 nactast

174 2482 330 2537 1100
358 2472 772 2548 intempestivis
797 2469 1121 2568 pluviisque
1146 2481 1204 2531 et
1227 2471 1446 2533 solibus
1468 2473 1597 2531 icta

359 2571 544 2613 nonne
567 2553 728 2613 vides
754 2556 920 2613 etiam
944 2554 1087 2614 caeli
1091 2557 1359 2616 novitate
1386 2564 1443 2615 et
1475 2572 1737 2633 aquarum

360 2639 623 2716 temptari
645 2636 847 2715 procul
870 2656 903 2698 a
926 2639 1104 2715 patria
1130 2641 1472 2716 quicumque
1498 2637 1780 2716 domoque

358 2722 658 2781 adveniunt
681 2720 811 2780 ideo
843 2723 972 2799 quia
993 2721 1168 2798 longe
1196 2722 1565 2800 discrepitant
1587 2717 1726 2781 res?

358 2822 486 2864 nam
507 2804 640 2882 quid
662 2804 960 2864 Brittannis
988 2804 1208 2866 caelum
1231 2806 1458 2866 differre
1481 2815 1739 2885 putamus
1756 2849 1773 2882 ‚

176 2899 327 2954 1105
363 2898 422 2948 et
446 2887 598 2966 quod
624 2890 680 2947 in
706 2887 977 2966 Aegypto
1001 2898 1125 2966 est,
1151 2907 1260 2967 qua
1281 2888 1477 2949 mundi
1502 2888 1777 2949 claudicat
1799 2889 1952 2964 axis,

363 2972 570 3050 quidve
595 2971 746 3050 quod
769 2973 824 3030 in
848 2970 1026 3032 Ponto
1053 2981 1142 3032 est
1167 2972 1395 3033 differre
1412 3019 1430 3051 ,
1457 2983 1515 3034 et
1539 2971 1784 3033 Gadibus
1807 2980 1979 3050 atque

362 3073 545 3134 usque
570 3054 641 3114 ad
662 3056 823 3132 nigra
847 3057 1026 3114 virum
1055 3066 1337 3135 percocto
1365 3056 1559 3117 saecla
1583 3052 1823 3117 colore?

362 3157 508 3217 quae
530 3155 657 3198 cum
684 3148 945 3217 quattuor
968 3141 1115 3199 inter
1138 3158 1203 3200 se
1231 3139 1455 3200 diversa
1478 3139 1735 3200 videmus

362 3231 625 3300 quattuor
649 3241 681 3282 a
706 3225 891 3283 ventis
917 3232 974 3283 et
1008 3223 1152 3283 caeli
1182 3224 1436 3302 partibus
1463 3243 1595 3284 esse
1615 3271 1631 3303 ,

179 3318 327 3373 1110
362 3316 477 3366 tum
507 3304 668 3364 color
691 3315 748 3365 et
771 3306 948 3366 facies
975 3305 1259 3366 hominum
1282 3307 1492 3367 distare
1514 3306 1775 3368 videntur

364 3389 597 3466 largiter
620 3399 677 3449 et
701 3390 880 3449 morbi
907 3391 1221 3467 generatim
1249 3388 1440 3450 saecla
1463 3400 1681 3450 tenere.

364 3482 453 3532 est
480 3470 716 3550 elephas
744 3472 972 3532 morbus
998 3475 1091 3550 qui
1114 3480 1353 3550 propter
1379 3472 1598 3531 flumina
1619 3470 1731 3530 Nili

365 3556 615 3633 gignitur
639 3555 952 3632 Aegypto
935 3572 989 3613 ιιι
1018 3557 1227 3635 media,
1259 3572 1450 3633 neque
1474 3562 1770 3634 praeterea
1795 3561 2049 3625 usquam.

268 3643 592 3701 Lucae-rms
1808 3628 1884 3688 13

1114 299 1196 355 vr
2043 288 2165 352 193
