2409 3825
1149 186 1234 248 lv

356 358 411 417 id
437 354 587 437 quod
611 356 905 435 providet,
930 355 1082 416 illius
1105 358 1189 415 rei
1216 365 1437 416 constat
1459 357 1665 434 imago.

357 459 500 520 ergo
523 441 736 505 animus
762 459 889 499 cum
909 460 1044 500 sese
1067 443 1143 499 ita
1167 450 1488 501 commovet
1511 451 1570 500 ut
1591 440 1731 501 velit
1758 444 1838 500 irc

355 529 527 602 inque
547 523 711 601 gredi
728 569 745 600 ‚
772 524 902 584 ferit
925 523 1218 603 extemplo
1244 543 1387 603 quae
1411 526 1467 582 in
1493 542 1736 604 corpore
1761 535 1881 585 toto
1904 570 1925 604 ‚

230 620 334 674 885
359 629 466 688 per
486 609 736 667 membra
755 617 925 686 atque
948 617 1100 668 artus
1121 654 1139 684 ,
1163 610 1361 667 animai
1388 607 1584 669 dissita
1606 611 1692 668 vis
1717 618 1836 669 est:

357 703 414 753 ct
440 691 665 752 facilest
687 691 874 769 factu,
901 693 1162 769 quoniam
1187 694 1488 752 coniuncta
1509 701 1753 752 tenetur.

357 777 488 836 inde
512 795 581 836 ea
602 792 884 855 proporro
909 776 1120 854 'corpus
1144 776 1313 854 ferit,
1340 785 1509 854 atque
1533 777 1607 835 ita
1628 786 1745 837 tota

359 858 622 940 paulatim
649 857 831 920 moles
856 859 1203 938 protruditur
1227 869 1397 940 atque
1420 870 1695 919 movetur.

358 954 658 1024 praeterea
679 953 795 1003 tum
816 947 1056 1004 rarescit
1081 962 1310 1023 quoque
1335 961 1546 1022 corpus
1562 990 1579 1021 ,
1609 955 1666 1004 et
1689 952 1790 1002 aer
1806 992 1823 1022 ,

229 1039 336 1094 890
360 1027 587 1089 scilicet
605 1072 623 1104 ,
649 1035 709 1085 ut
731 1026 906 1088 debet
928 1029 1023 1106 qui
1048 1045 1282 1106 semper
1300 1027 1524 1087 mobilis
1549 1037 1740 1104 extat,

358 1130 466 1192 per
484 1111 769 1191 patefacta
789 1113 945 1171 venit
966 1120 1343 1190 penetratque
1368 1111 1637 1171 foramina
1663 1111 1854 1190 largus
1873 1161 1892 1191 ‚

359 1206 420 1257 et
445 1195 786 1275 dispargitur
806 1194 875 1255 ad
898 1198 1074 1274 partis
1098 1196 1173 1255 ita
1198 1214 1452 1275 quasque
1475 1198 1714 1256 minutas

361 1281 638 1359 corporis.
662 1279 755 1338 hic
780 1281 951 1356 igitur
968 1280 1141 1338 rebus
1167 1279 1227 1339 fit
1249 1282 1526 1358 utrimque
1552 1279 1764 1340 duabus
1782 1328 1798 1358 ,

359 1382 556 1441 aeque
576 1365 647 1423 id
666 1373 726 1423 ut
749 1382 817 1422 ac
840 1365 996 1422 navis
1019 1362 1165 1423 velis
1187 1374 1477 1443 ventoque
1499 1365 1729 1423 feratur.

224 1460 333 1514 895
364 1468 475 1508 nec
496 1459 681 1507 tamen
706 1444 844 1506 illud
867 1450 922 1505 in
945 1447 1031 1507 his
1053 1447 1226 1508 rebus
1250 1447 1503 1508 mirabile
1528 1457 1782 1525 constat,

363 1531 576 1593 tantula
597 1531 747 1610 quod
770 1540 979 1590 tantum
1006 1550 1215 1610 corpus
1241 1530 1583 1612 corpuscula
1605 1543 1843 1609 possunt

362 1626 743 1694 contorquere
769 1625 827 1675 et
852 1633 991 1675 onus
1016 1625 1192 1676 totum
1220 1625 1559 1676 convertere
1583 1624 1865 1674 nostrum:

361 1702 574 1779 quippe
598 1702 805 1759 etenim
834 1709 1037 1760 ventus
1061 1701 1257 1780 suptili
1283 1718 1528 1779 corpore
1550 1700 1736 1758 tenvis

358 1783 530 1844 trudit
555 1801 734 1861 agens
757 1801 1009 1861 magnam
1031 1803 1234 1862 magno
1257 1784 1541 1844 molimine
1564 1801 1762 1842 navem
1781 1830 1797 1861 ,

226 1879 340 1934 900
362 1878 421 1930 et
441 1885 634 1929 manus
658 1886 764 1927 una
788 1870 936 1946 regit
962 1871 1258 1948 quantovis
1280 1871 1490 1949 impete
1515 1877 1740 1928 euntem

361 1964 533 2031 atque
557 1952 965 2030 gubernaclum
989 1964 1328 2031 contorquet
1353 1952 1611 2032 quolibet
1635 1971 1801 2011 unum
1819 1999 1836 2030 ,

361 2037 646 2115 multaque
663 2082 681 2113 ,
717 2055 825 2115 per
845 2036 1094 2097 trocleas
1119 2048 1177 2098 et
1198 2048 1459 2118 tympana
1474 2084 1492 2113 ‚
1518 2036 1771 2116 pondera
1793 2055 1991 2113 magna

363 2131 683 2181 commovet
706 2130 873 2199 atque
898 2120 1013 2180 levi
1036 2121 1288 2181 sustollit
1308 2121 1562 2182 machina
1583 2123 1726 2180 nisu.

2069 186 2189 251 115

445 2204 610 2264 Nunc
633 2205 835 2282 quibus
858 2203 957 2263 ille
981 2206 1161 2265 modis
1185 2223 1414 2267 somnus
1439 2224 1544 2284 per
1563 2204 1811 2264 membra
1837 2208 2084 2283 quietem

224 2299 339 2353 905
367 2289 578 2366 inriget
601 2298 771 2367 atque
795 2291 958 2348 animi
985 2308 1146 2349 curas
1172 2310 1205 2349 e
1225 2299 1466 2369 pectore
1490 2287 1714 2365 solvat,

364 2372 669 2433 suavidicis
692 2375 881 2451 potius
908 2391 1072 2450 quam
1094 2373 1281 2434 multis
1304 2375 1568 2435 versibus
1593 2371 1786 2440 edam;

361 2474 572 2535 parvus
593 2466 654 2515 ut
677 2464 766 2516 est
791 2458 956 2531 cycni
977 2456 1178 2516 melior
1201 2476 1405 2535 canor,
1429 2458 1528 2517 ille
1552 2475 1751 2534 gruum
1777 2473 1939 2533 quam

366 2540 579 2600 clamor
598 2540 654 2598 in
675 2539 941 2600 aetheriis
966 2539 1258 2619 dispersus
1281 2542 1523 2601 nubibus
1546 2541 1737 2600 austri.

361 2635 425 2684 tu
448 2623 579 2683 mihi
603 2621 669 2681 da
691 2625 877 2683 tenuis
901 2641 1066 2685 aures
1090 2628 1442 2704 animumque
1469 2639 1734 2701 sagacem
1754 2667 1770 2698 ,

222 2717 340 2771 910
364 2726 439 2768 ne
463 2708 584 2767 lieri
608 2710 833 2784 negites
860 2727 1003 2786 quae
1028 2707 1209 2769 dicam
1233 2728 1408 2789 posse
1425 2755 1443 2784 ‚
1467 2716 1737 2784 retroque

361 2809 499 2851 vera
522 2790 832 2868 repulsanti
857 2791 1117 2853 discedas
1141 2804 1379 2872 pectore
1406 2792 1552 2851 dicta
1570 2837 1586 2867 ‚

315 2900 322 2904 ¹
362 2885 603 2936 tutemet
627 2877 683 2934 in
708 2875 874 2954 culpa
898 2894 1023 2936 cum
1050 2879 1127 2936 sis
1156 2897 1348 2955 neque
1372 2894 1610 2938 cernere
1639 2874 1850 2952 possis.

364 2960 647 3039 principio
671 2975 900 3020 somnus
924 2960 985 3019 fit
1006 2961 1109 3031 uhi,
1126 2971 1216 3021 est
1241 2961 1509 3022 distracta
1535 2976 1638 3038 per
1658 2966 1809 3015 artus

363 3044 452 3104 vis
475 3045 689 3104 animae
712 3046 1025 3122 partimque
1050 3044 1202 3105 foras
1234 3047 1419 3106 eiecta
1441 3043 1688 3104 recessit

223 3137 339 3191 915
364 3138 425 3187 et
448 3129 648 3207 partim
674 3136 941 3189 contrusa
962 3129 1140 3205 magis
1167 3131 1457 3189 concessit
1479 3130 1534 3187 in
1557 3125 1756 3188 altum:

365 3210 753 3272 dissoluuntur
775 3213 923 3271 enim
944 3222 1059 3272 tum
1083 3212 1304 3271 demum
1326 3212 1573 3272 membra
1603 3210 1911 3287 fluuntque.

366 3313 493 3355 nam
518 3295 745 3354 dubium
768 3313 879 3354 non
903 3305 993 3356 est
1008 3342 1028 3373 ‚
1057 3298 1255 3356 animai
1281 3298 1413 3375 quin
1436 3312 1612 3374 opera
1634 3295 1706 3353 sit

368 3398 575 3440 sensus
599 3379 692 3439 hic
716 3381 773 3438 in
795 3380 959 3440 nohis
979 3426 996 3457 ,
1023 3398 1190 3458 quem
1217 3398 1343 3438 cum
1366 3396 1544 3458 sopor
1565 3376 1779 3455 inpedit
1804 3394 1937 3435 esse
1954 3420 1973 3452 ,

367 3476 484 3525 tum
506 3464 673 3524 nobis
697 3465 930 3523 animam
951 3462 1331 3542 perturbatam
1358 3482 1491 3523 esse
1514 3459 1896 3593 ρυιαηὼιιηέι*
