<?xml version="1.0" encoding="UTF-8"?>
<!DOCTYPE html PUBLIC "-//W3C//DTD XHTML 1.0 Transitional//EN"
    "http://www.w3.org/TR/xhtml1/DTD/xhtml1-transitional.dtd">
<html xmlns="http://www.w3.org/1999/xhtml" xml:lang="en" lang="en">
 <head>
  <title>
</title>
<meta http-equiv="Content-Type" content="text/html;charset=utf-8" />
  <meta name='ocr-system' content='tesseract 3.04.00' />
  <meta name='ocr-capabilities' content='ocr_page ocr_carea ocr_par ocr_line ocrx_word'/>
</head>
<body>
  <div class='ocr_page' id='page_1' title='image "./tlucreticarider01unkngoog_0117.png"; bbox 0 0 2409 3825; ppageno 0'>
   <div class='ocr_carea' id='block_1_1' title="bbox 1171 144 1254 204">
    <p class='ocr_par' dir='ltr' id='par_1_1' title="bbox 1171 144 1254 204">
     <span class='ocr_line' id='line_1_1' title="bbox 1171 144 1254 204; baseline 0 0"><span class='ocrx_word' id='word_1_1' title='bbox 1171 144 1254 204; x_wconf 83' lang='lat' dir='ltr'><strong>lv</strong></span> 
     </span>
    </p>
   </div>
   <div class='ocr_carea' id='block_1_2' title="bbox 195 311 1978 3557">
    <p class='ocr_par' dir='ltr' id='par_1_2' title="bbox 384 311 1834 392">
     <span class='ocr_line' id='line_1_2' title="bbox 384 311 1834 392; baseline 0.003 -21"><span class='ocrx_word' id='word_1_2' title='bbox 384 311 522 392; x_wconf 88' lang='lat' dir='ltr'><strong>quid</strong></span> <span class='ocrx_word' id='word_1_3' title='bbox 546 329 691 391; x_wconf 85' lang='lat' dir='ltr'><strong>quae</strong></span> <span class='ocrx_word' id='word_1_4' title='bbox 720 319 850 371; x_wconf 86' lang='lat' dir='ltr'><strong>sunt</strong></span> <span class='ocrx_word' id='word_1_5' title='bbox 871 311 1043 389; x_wconf 79' lang='lat' dir='ltr'><strong>igitur</strong></span> <span class='ocrx_word' id='word_1_6' title='bbox 1061 311 1169 369; x_wconf 85' lang='lat' dir='ltr'><strong>iam</strong></span> <span class='ocrx_word' id='word_1_7' title='bbox 1193 312 1369 390; x_wconf 88' lang='lat' dir='ltr'><strong>prima</strong></span> <span class='ocrx_word' id='word_1_8' title='bbox 1392 311 1577 372; x_wconf 83' lang='lat' dir='ltr'><strong>fronte</strong></span> <span class='ocrx_word' id='word_1_9' title='bbox 1600 312 1834 391; x_wconf 80' lang='lat' dir='ltr'><strong>parata?</strong></span> 
     </span>
    </p>

    <p class='ocr_par' dir='ltr' id='par_1_3' title="bbox 387 394 1793 475">
     <span class='ocr_line' id='line_1_3' title="bbox 387 394 1793 475; baseline 0.001 -19"><span class='ocrx_word' id='word_1_10' title='bbox 387 415 518 456; x_wconf 89' lang='lat' dir='ltr'><strong>cum</strong></span> <span class='ocrx_word' id='word_1_11' title='bbox 545 397 825 456; x_wconf 88' lang='lat' dir='ltr'><strong>iaciuntur</strong></span> <span class='ocrx_word' id='word_1_12' title='bbox 846 404 906 455; x_wconf 90' lang='lat' dir='ltr'><strong>et</strong></span> <span class='ocrx_word' id='word_1_13' title='bbox 927 396 1197 454; x_wconf 87' lang='lat' dir='ltr'><strong>emissum</strong></span> <span class='ocrx_word' id='word_1_14' title='bbox 1219 413 1315 455; x_wconf 87' lang='lat' dir='ltr'><strong>res</strong></span> <span class='ocrx_word' id='word_1_15' title='bbox 1340 394 1495 455; x_wconf 88' lang='lat' dir='ltr'><strong>nulla</strong></span> <span class='ocrx_word' id='word_1_16' title='bbox 1514 408 1761 457; x_wconf 89' lang='lat' dir='ltr'><strong>moratur</strong></span> <span class='ocrx_word' id='word_1_17' title='bbox 1775 444 1793 475; x_wconf 83' lang='lat'>‚</span> 
     </span>
    </p>

    <p class='ocr_par' dir='ltr' id='par_1_4' title="bbox 386 477 1922 643">
     <span class='ocr_line' id='line_1_4' title="bbox 386 477 1922 562; baseline 0.001 -21"><span class='ocrx_word' id='word_1_18' title='bbox 386 478 541 559; x_wconf 85' lang='lat' dir='ltr'><strong>quod</strong></span> <span class='ocrx_word' id='word_1_19' title='bbox 563 488 832 559; x_wconf 73' lang='lat' dir='ltr'><strong>superest</strong></span> <span class='ocrx_word' id='word_1_20' title='bbox 847 523 865 554; x_wconf 83' lang='lat'>‚</span> <span class='ocrx_word' id='word_1_21' title='bbox 888 477 1118 538; x_wconf 86' lang='lat' dir='ltr'><strong>ubitam</strong></span> <span class='ocrx_word' id='word_1_22' title='bbox 1138 477 1359 539; x_wconf 85' lang='lat' dir='ltr'><strong>volucri</strong></span> <span class='ocrx_word' id='word_1_23' title='bbox 1382 478 1615 540; x_wconf 84' lang='lat' dir='ltr'><strong>levitate</strong></span> <span class='ocrx_word' id='word_1_24' title='bbox 1639 479 1922 562; x_wconf 84' lang='lat' dir='ltr'><strong>ferantur,</strong></span> 
     </span>
     <span class='ocr_line' id='line_1_5' title="bbox 388 560 1637 643; baseline -0.001 -19"><span class='ocrx_word' id='word_1_25' title='bbox 388 582 577 643; x_wconf 86' lang='lat' dir='ltr'><strong>quone</strong></span> <span class='ocrx_word' id='word_1_26' title='bbox 597 561 762 623; x_wconf 82' lang='lat' dir='ltr'><strong>vides</strong></span> <span class='ocrx_word' id='word_1_27' title='bbox 787 563 952 623; x_wconf 88' lang='lat' dir='ltr'><strong>citius</strong></span> <span class='ocrx_word' id='word_1_28' title='bbox 977 560 1192 625; x_wconf 89' lang='lat' dir='ltr'><strong>debere</strong></span> <span class='ocrx_word' id='word_1_29' title='bbox 1216 572 1275 623; x_wconf 92' lang='lat' dir='ltr'><strong>et</strong></span> <span class='ocrx_word' id='word_1_30' title='bbox 1298 562 1637 641; x_wconf 78' lang='lat' dir='ltr'><strong>long-iusire</strong></span> 
     </span>
    </p>

    <p class='ocr_par' dir='ltr' id='par_1_5' title="bbox 195 645 1959 1063">
     <span class='ocr_line' id='line_1_6' title="bbox 195 645 1843 729; baseline -0.002 -18"><span class='ocrx_word' id='word_1_31' title='bbox 195 722 222 729; x_wconf 51' lang='grc'>-</span> <span class='ocrx_word' id='word_1_32' title='bbox 237 658 360 711; x_wconf 73' lang='lat'><strong>205</strong></span> <span class='ocrx_word' id='word_1_33' title='bbox 392 646 805 727; x_wconf 81' lang='lat' dir='ltr'><strong>multiplexque</strong></span> <span class='ocrx_word' id='word_1_34' title='bbox 827 645 944 706; x_wconf 89' lang='lat' dir='ltr'><strong>loci</strong></span> <span class='ocrx_word' id='word_1_35' title='bbox 964 648 1207 726; x_wconf 84' lang='lat' dir='ltr'><strong>spatium</strong></span> <span class='ocrx_word' id='word_1_36' title='bbox 1226 655 1615 708; x_wconf 82' lang='lat' dir='ltr'><strong>transcurrere</strong></span> <span class='ocrx_word' id='word_1_37' title='bbox 1639 649 1843 709; x_wconf 91' lang='lat' dir='ltr'><strong>eodem</strong></span> 
     </span>
     <span class='ocr_line' id='line_1_7' title="bbox 389 729 1830 811; baseline -0.001 -18"><span class='ocrx_word' id='word_1_38' title='bbox 389 743 650 811; x_wconf 86' lang='lat' dir='ltr'><strong>tempore</strong></span> <span class='ocrx_word' id='word_1_39' title='bbox 672 748 785 810; x_wconf 86' lang='lat' dir='ltr'><strong>quo</strong></span> <span class='ocrx_word' id='word_1_40' title='bbox 810 730 949 791; x_wconf 85' lang='lat' dir='ltr'><strong>solis</strong></span> <span class='ocrx_word' id='word_1_41' title='bbox 973 729 1314 810; x_wconf 82' lang='lat' dir='ltr'><strong>pervolgant</strong></span> <span class='ocrx_word' id='word_1_42' title='bbox 1336 731 1544 791; x_wconf 87' lang='lat' dir='ltr'><strong>lumina</strong></span> <span class='ocrx_word' id='word_1_43' title='bbox 1568 731 1830 793; x_wconf 84' lang='lat' dir='ltr'><strong>caelum?</strong></span> 
     </span>
     <span class='ocr_line' id='line_1_8' title="bbox 385 816 1959 897; baseline 0.001 -21"><span class='ocrx_word' id='word_1_44' title='bbox 385 817 499 877; x_wconf 86' lang='lat' dir='ltr'><strong>hoc</strong></span> <span class='ocrx_word' id='word_1_45' title='bbox 526 817 692 876; x_wconf 87' lang='lat' dir='ltr'><strong>etiam</strong></span> <span class='ocrx_word' id='word_1_46' title='bbox 710 817 769 874; x_wconf 86' lang='lat' dir='ltr'><strong>in</strong></span> <span class='ocrx_word' id='word_1_47' title='bbox 789 816 982 894; x_wconf 90' lang='lat' dir='ltr'><strong>primis</strong></span> <span class='ocrx_word' id='word_1_48' title='bbox 1007 817 1303 893; x_wconf 80' lang='lat' dir='ltr'><strong>specimen</strong></span> <span class='ocrx_word' id='word_1_49' title='bbox 1324 833 1520 876; x_wconf 84' lang='lat' dir='ltr'><strong>verum</strong></span> <span class='ocrx_word' id='word_1_50' title='bbox 1544 836 1678 877; x_wconf 86' lang='lat' dir='ltr'><strong>esse</strong></span> <span class='ocrx_word' id='word_1_51' title='bbox 1703 817 1959 897; x_wconf 84' lang='lat' dir='ltr'><strong>videtur,</strong></span> 
     </span>
     <span class='ocr_line' id='line_1_9' title="bbox 387 898 1767 979; baseline 0.001 -20"><span class='ocrx_word' id='word_1_52' title='bbox 387 918 554 979; x_wconf 87' lang='lat' dir='ltr'><strong>quam</strong></span> <span class='ocrx_word' id='word_1_53' title='bbox 576 898 754 960; x_wconf 89' lang='lat' dir='ltr'><strong>celeri</strong></span> <span class='ocrx_word' id='word_1_54' title='bbox 775 908 931 958; x_wconf 88' lang='lat' dir='ltr'><strong>motu</strong></span> <span class='ocrx_word' id='word_1_55' title='bbox 949 917 1139 959; x_wconf 88' lang='lat' dir='ltr'><strong>rerum</strong></span> <span class='ocrx_word' id='word_1_56' title='bbox 1160 898 1458 960; x_wconf 82' lang='lat' dir='ltr'><strong>simulacra</strong></span> <span class='ocrx_word' id='word_1_57' title='bbox 1487 899 1737 960; x_wconf 81' lang='lat' dir='ltr'><strong>ferantur</strong></span> <span class='ocrx_word' id='word_1_58' title='bbox 1750 948 1767 978; x_wconf 78' lang='lat'><strong>‚</strong></span> 
     </span>
     <span class='ocr_line' id='line_1_10' title="bbox 385 981 1804 1063; baseline 0.001 -20"><span class='ocrx_word' id='word_1_59' title='bbox 385 984 537 1063; x_wconf 85' lang='lat' dir='ltr'><strong>quod</strong></span> <span class='ocrx_word' id='word_1_60' title='bbox 559 981 723 1045; x_wconf 90' lang='lat' dir='ltr'><strong>simul</strong></span> <span class='ocrx_word' id='word_1_61' title='bbox 749 1001 817 1051; x_wconf 89' lang='lat' dir='ltr'><strong>ac</strong></span> <span class='ocrx_word' id='word_1_62' title='bbox 839 984 1077 1063; x_wconf 89' lang='lat' dir='ltr'><strong>primum</strong></span> <span class='ocrx_word' id='word_1_63' title='bbox 1104 982 1213 1042; x_wconf 87' lang='lat' dir='ltr'><strong>sub</strong></span> <span class='ocrx_word' id='word_1_64' title='bbox 1238 983 1331 1043; x_wconf 85' lang='lat' dir='ltr'><strong>diu</strong></span> <span class='ocrx_word' id='word_1_65' title='bbox 1349 983 1623 1063; x_wconf 85' lang='lat' dir='ltr'><strong>splendor</strong></span> <span class='ocrx_word' id='word_1_66' title='bbox 1643 987 1804 1063; x_wconf 84' lang='lat' dir='ltr'><strong>aquai</strong></span> 
     </span>
    </p>

    <p class='ocr_par' dir='ltr' id='par_1_6' title="bbox 233 1065 1867 1482">
     <span class='ocr_line' id='line_1_11' title="bbox 233 1065 1667 1148; baseline -0.003 -17"><span class='ocrx_word' id='word_1_67' title='bbox 233 1079 355 1131; x_wconf 79' lang='lat'><strong>210</strong></span> <span class='ocrx_word' id='word_1_68' title='bbox 388 1069 645 1148; x_wconf 81' lang='lat' dir='ltr'><strong>ponitur,</strong></span> <span class='ocrx_word' id='word_1_69' title='bbox 678 1065 966 1146; x_wconf 84' lang='lat' dir='ltr'><strong>extemplo</strong></span> <span class='ocrx_word' id='word_1_70' title='bbox 991 1065 1153 1127; x_wconf 88' lang='lat' dir='ltr'><strong>caelo</strong></span> <span class='ocrx_word' id='word_1_71' title='bbox 1178 1066 1442 1128; x_wconf 79' lang='lat' dir='ltr'><strong>stellante</strong></span> <span class='ocrx_word' id='word_1_72' title='bbox 1464 1086 1667 1129; x_wconf 88' lang='lat' dir='ltr'><strong>serena</strong></span> 
     </span>
     <span class='ocr_line' id='line_1_12' title="bbox 384 1150 1733 1230; baseline -0.002 -17"><span class='ocrx_word' id='word_1_73' title='bbox 384 1151 574 1214; x_wconf 89' lang='lat' dir='ltr'><strong>sidera</strong></span> <span class='ocrx_word' id='word_1_74' title='bbox 589 1150 1023 1230; x_wconf 74' lang='lat' dir='ltr'><strong>respondentia</strong></span> <span class='ocrx_word' id='word_1_75' title='bbox 1048 1168 1191 1229; x_wconf 84' lang='lat' dir='ltr'><strong>aqua</strong></span> <span class='ocrx_word' id='word_1_76' title='bbox 1212 1151 1479 1212; x_wconf 86' lang='lat' dir='ltr'><strong>radiantia</strong></span> <span class='ocrx_word' id='word_1_77' title='bbox 1507 1153 1733 1213; x_wconf 88' lang='lat' dir='ltr'><strong>mundo.</strong></span> 
     </span>
     <span class='ocr_line' id='line_1_13' title="bbox 383 1235 1867 1315; baseline 0 -18"><span class='ocrx_word' id='word_1_78' title='bbox 383 1237 566 1297; x_wconf 85' lang='lat' dir='ltr'><strong>iamne</strong></span> <span class='ocrx_word' id='word_1_79' title='bbox 586 1235 749 1295; x_wconf 81' lang='lat' dir='ltr'><strong>vides</strong></span> <span class='ocrx_word' id='word_1_80' title='bbox 774 1236 948 1312; x_wconf 81' lang='lat' dir='ltr'><strong>igitur</strong></span> <span class='ocrx_word' id='word_1_81' title='bbox 975 1251 1139 1313; x_wconf 88' lang='lat' dir='ltr'><strong>quam</strong></span> <span class='ocrx_word' id='word_1_82' title='bbox 1160 1244 1375 1314; x_wconf 89' lang='lat' dir='ltr'><strong>puncto</strong></span> <span class='ocrx_word' id='word_1_83' title='bbox 1396 1245 1656 1315; x_wconf 90' lang='lat' dir='ltr'><strong>tempore</strong></span> <span class='ocrx_word' id='word_1_84' title='bbox 1682 1238 1867 1314; x_wconf 82' lang='lat' dir='ltr'><strong>imago</strong></span> 
     </span>
     <span class='ocr_line' id='line_1_14' title="bbox 385 1317 1689 1389; baseline -0.002 -8"><span class='ocrx_word' id='word_1_85' title='bbox 385 1320 633 1381; x_wconf 86' lang='lat' dir='ltr'><strong>aetheris</strong></span> <span class='ocrx_word' id='word_1_86' title='bbox 657 1338 731 1380; x_wconf 85' lang='lat' dir='ltr'><strong>ex</strong></span> <span class='ocrx_word' id='word_1_87' title='bbox 753 1321 868 1379; x_wconf 84' lang='lat' dir='ltr'><strong>oris</strong></span> <span class='ocrx_word' id='word_1_88' title='bbox 886 1321 946 1389; x_wconf 21' lang='lat' dir='ltr'><strong>*in</strong></span> <span class='ocrx_word' id='word_1_89' title='bbox 967 1328 1243 1379; x_wconf 88' lang='lat' dir='ltr'><strong>terrarum</strong></span> <span class='ocrx_word' id='word_1_90' title='bbox 1261 1318 1483 1379; x_wconf 87' lang='lat' dir='ltr'><strong>accidat</strong></span> <span class='ocrx_word' id='word_1_91' title='bbox 1516 1317 1689 1381; x_wconf 73' lang='lat' dir='ltr'><strong>oras?</strong></span> 
     </span>
     <span class='ocr_line' id='line_1_15' title="bbox 386 1403 1862 1482; baseline 0 -18"><span class='ocrx_word' id='word_1_92' title='bbox 386 1423 560 1482; x_wconf 88' lang='lat' dir='ltr'><strong>quare</strong></span> <span class='ocrx_word' id='word_1_93' title='bbox 588 1405 755 1467; x_wconf 88' lang='lat' dir='ltr'><strong>etiam</strong></span> <span class='ocrx_word' id='word_1_94' title='bbox 776 1412 945 1481; x_wconf 86' lang='lat' dir='ltr'><strong>atque</strong></span> <span class='ocrx_word' id='word_1_95' title='bbox 969 1404 1137 1462; x_wconf 86' lang='lat' dir='ltr'><strong>etiam</strong></span> <span class='ocrx_word' id='word_1_96' title='bbox 1158 1404 1299 1463; x_wconf 88' lang='lat' dir='ltr'><strong>mitti</strong></span> <span class='ocrx_word' id='word_1_97' title='bbox 1319 1403 1535 1464; x_wconf 81' lang='lat' dir='ltr'><strong>fateare</strong></span> <span class='ocrx_word' id='word_1_98' title='bbox 1557 1414 1862 1464; x_wconf 84' lang='lat' dir='ltr'><strong>necessest</strong></span> 
     </span>
    </p>

    <p class='ocr_par' dir='ltr' id='par_1_7' title="bbox 242 1485 1922 1902">
     <span class='ocr_line' id='line_1_16' title="bbox 242 1485 1916 1567; baseline 0 -17"><span class='ocrx_word' id='word_1_99' title='bbox 242 1497 359 1550; x_wconf 76' lang='lat'><strong>215</strong></span> <span class='ocrx_word' id='word_1_100' title='bbox 393 1505 635 1567; x_wconf 88' lang='lat' dir='ltr'><strong>corpora</strong></span> <span class='ocrx_word' id='word_1_101' title='bbox 661 1505 806 1566; x_wconf 90' lang='lat' dir='ltr'><strong>quae</strong></span> <span class='ocrx_word' id='word_1_102' title='bbox 831 1486 1031 1546; x_wconf 82' lang='lat' dir='ltr'><strong>feriant</strong></span> <span class='ocrx_word' id='word_1_103' title='bbox 1054 1486 1258 1547; x_wconf 90' lang='lat' dir='ltr'><strong>oculos</strong></span> <span class='ocrx_word' id='word_1_104' title='bbox 1281 1489 1577 1566; x_wconf 87' lang='lat' dir='ltr'><strong>visumque</strong></span> <span class='ocrx_word' id='word_1_105' title='bbox 1600 1485 1916 1550; x_wconf 84' lang='lat' dir='ltr'><strong>lacessant:</strong></span> 
     </span>
     <span class='ocr_line' id='line_1_17' title="bbox 387 1570 1750 1651; baseline -0.001 -18"><span class='ocrx_word' id='word_1_106' title='bbox 387 1582 785 1651; x_wconf 89' lang='lat' dir='ltr'><strong>perpetuoque</strong></span> <span class='ocrx_word' id='word_1_107' title='bbox 811 1570 986 1630; x_wconf 87' lang='lat' dir='ltr'><strong>fluunt</strong></span> <span class='ocrx_word' id='word_1_108' title='bbox 1011 1572 1184 1630; x_wconf 89' lang='lat' dir='ltr'><strong>certis</strong></span> <span class='ocrx_word' id='word_1_109' title='bbox 1214 1571 1285 1631; x_wconf 86' lang='lat' dir='ltr'><strong>ab</strong></span> <span class='ocrx_word' id='word_1_110' title='bbox 1307 1570 1483 1631; x_wconf 86' lang='lat' dir='ltr'><strong>rebus</strong></span> <span class='ocrx_word' id='word_1_111' title='bbox 1512 1571 1750 1640; x_wconf 88' lang='lat' dir='ltr'><strong>odores;</strong></span> 
     </span>
     <span class='ocr_line' id='line_1_18' title="bbox 386 1652 1922 1734; baseline 0.002 -20"><span class='ocrx_word' id='word_1_112' title='bbox 386 1656 565 1734; x_wconf 73' lang='lat' dir='ltr'><strong>frIgus</strong></span> <span class='ocrx_word' id='word_1_113' title='bbox 587 1664 652 1715; x_wconf 89' lang='lat' dir='ltr'><strong>ut</strong></span> <span class='ocrx_word' id='word_1_114' title='bbox 671 1673 703 1714; x_wconf 92' lang='lat' dir='ltr'><strong>a</strong></span> <span class='ocrx_word' id='word_1_115' title='bbox 724 1655 908 1714; x_wconf 84' lang='lat' dir='ltr'><strong>fluviis</strong></span> <span class='ocrx_word' id='word_1_116' title='bbox 926 1701 943 1732; x_wconf 81' lang='lat'>‚</span> <span class='ocrx_word' id='word_1_117' title='bbox 970 1652 1127 1714; x_wconf 88' lang='lat' dir='ltr'><strong>calor</strong></span> <span class='ocrx_word' id='word_1_118' title='bbox 1154 1655 1226 1714; x_wconf 88' lang='lat' dir='ltr'><strong>ab</strong></span> <span class='ocrx_word' id='word_1_119' title='bbox 1251 1654 1377 1715; x_wconf 87' lang='lat' dir='ltr'><strong>sole</strong></span> <span class='ocrx_word' id='word_1_120' title='bbox 1394 1700 1412 1731; x_wconf 83' lang='lat'>‚</span> <span class='ocrx_word' id='word_1_121' title='bbox 1437 1663 1630 1715; x_wconf 85' lang='lat' dir='ltr'><strong>aestus</strong></span> <span class='ocrx_word' id='word_1_122' title='bbox 1660 1653 1730 1714; x_wconf 88' lang='lat' dir='ltr'><strong>ab</strong></span> <span class='ocrx_word' id='word_1_123' title='bbox 1760 1655 1922 1718; x_wconf 87' lang='lat' dir='ltr'><strong>undis</strong></span> 
     </span>
     <span class='ocr_line' id='line_1_19' title="bbox 385 1737 1766 1819; baseline -0.001 -19"><span class='ocrx_word' id='word_1_124' title='bbox 385 1741 650 1819; x_wconf 62' lang='lat' dir='ltr'><strong>affluoris</strong></span> <span class='ocrx_word' id='word_1_125' title='bbox 667 1785 684 1816; x_wconf 80' lang='lat'>‚</span> <span class='ocrx_word' id='word_1_126' title='bbox 711 1756 921 1799; x_wconf 84' lang='lat' dir='ltr'><strong>exesor</strong></span> <span class='ocrx_word' id='word_1_127' title='bbox 948 1755 1302 1814; x_wconf 82' lang='lat' dir='ltr'><strong>moerorum,</strong></span> <span class='ocrx_word' id='word_1_128' title='bbox 1335 1737 1500 1797; x_wconf 92' lang='lat' dir='ltr'><strong>litora</strong></span> <span class='ocrx_word' id='word_1_129' title='bbox 1524 1739 1766 1798; x_wconf 87' lang='lat' dir='ltr'><strong>circum:</strong></span> 
     </span>
     <span class='ocr_line' id='line_1_20' title="bbox 386 1817 1774 1902; baseline 0 -19"><span class='ocrx_word' id='word_1_130' title='bbox 386 1842 497 1885; x_wconf 92' lang='lat' dir='ltr'><strong>nec</strong></span> <span class='ocrx_word' id='word_1_131' title='bbox 515 1825 707 1883; x_wconf 78' lang='lat' dir='ltr'><strong>variae</strong></span> <span class='ocrx_word' id='word_1_132' title='bbox 733 1831 960 1883; x_wconf 90' lang='lat' dir='ltr'><strong>cessant</strong></span> <span class='ocrx_word' id='word_1_133' title='bbox 981 1840 1163 1883; x_wconf 81' lang='lat' dir='ltr'><strong>voces</strong></span> <span class='ocrx_word' id='word_1_134' title='bbox 1185 1817 1426 1883; x_wconf 83' lang='lat' dir='ltr'><strong>volitare</strong></span> <span class='ocrx_word' id='word_1_135' title='bbox 1450 1840 1558 1902; x_wconf 84' lang='lat' dir='ltr'><strong>per</strong></span> <span class='ocrx_word' id='word_1_136' title='bbox 1578 1840 1774 1883; x_wconf 87' lang='lat' dir='ltr'><strong>auras:</strong></span> 
     </span>
    </p>

    <p class='ocr_par' dir='ltr' id='par_1_8' title="bbox 243 1905 1978 2322">
     <span class='ocr_line' id='line_1_21' title="bbox 243 1905 1797 1988; baseline -0.003 -18"><span class='ocrx_word' id='word_1_137' title='bbox 243 1917 363 1970; x_wconf 78' lang='lat'><strong>220</strong></span> <span class='ocrx_word' id='word_1_138' title='bbox 389 1906 634 1988; x_wconf 84' lang='lat' dir='ltr'><strong>denique</strong></span> <span class='ocrx_word' id='word_1_139' title='bbox 656 1907 713 1966; x_wconf 90' lang='lat' dir='ltr'><strong>in</strong></span> <span class='ocrx_word' id='word_1_140' title='bbox 737 1924 804 1967; x_wconf 88' lang='lat' dir='ltr'><strong>os</strong></span> <span class='ocrx_word' id='word_1_141' title='bbox 826 1905 964 1968; x_wconf 85' lang='lat' dir='ltr'><strong>salsi</strong></span> <span class='ocrx_word' id='word_1_142' title='bbox 982 1907 1138 1968; x_wconf 83' lang='lat' dir='ltr'><strong>venit</strong></span> <span class='ocrx_word' id='word_1_143' title='bbox 1160 1924 1322 1967; x_wconf 89' lang='lat' dir='ltr'><strong>umor</strong></span> <span class='ocrx_word' id='word_1_144' title='bbox 1341 1925 1519 1987; x_wconf 87' lang='lat' dir='ltr'><strong>saepe</strong></span> <span class='ocrx_word' id='word_1_145' title='bbox 1543 1908 1764 1987; x_wconf 82' lang='lat' dir='ltr'><strong>saporis</strong></span> <span class='ocrx_word' id='word_1_146' title='bbox 1779 1954 1797 1985; x_wconf 82' lang='lat'>,</span> 
     </span>
     <span class='ocr_line' id='line_1_22' title="bbox 388 1989 1843 2070; baseline -0.001 -17"><span class='ocrx_word' id='word_1_147' title='bbox 388 2010 515 2053; x_wconf 89' lang='lat' dir='ltr'><strong>cum</strong></span> <span class='ocrx_word' id='word_1_148' title='bbox 535 2010 690 2051; x_wconf 88' lang='lat' dir='ltr'><strong>mare</strong></span> <span class='ocrx_word' id='word_1_149' title='bbox 711 2009 1004 2051; x_wconf 87' lang='lat' dir='ltr'><strong>versamur</strong></span> <span class='ocrx_word' id='word_1_150' title='bbox 1032 2000 1303 2070; x_wconf 85' lang='lat' dir='ltr'><strong>propter,</strong></span> <span class='ocrx_word' id='word_1_151' title='bbox 1330 1989 1616 2069; x_wconf 87' lang='lat' dir='ltr'><strong>dilutaque</strong></span> <span class='ocrx_word' id='word_1_152' title='bbox 1648 2002 1843 2052; x_wconf 87' lang='lat' dir='ltr'><strong>contra</strong></span> 
     </span>
     <span class='ocr_line' id='line_1_23' title="bbox 386 2074 1772 2153; baseline -0.002 -17"><span class='ocrx_word' id='word_1_153' title='bbox 386 2094 515 2136; x_wconf 89' lang='lat' dir='ltr'><strong>cum</strong></span> <span class='ocrx_word' id='word_1_154' title='bbox 535 2077 738 2136; x_wconf 83' lang='lat' dir='ltr'><strong>tuimur</strong></span> <span class='ocrx_word' id='word_1_155' title='bbox 756 2076 985 2135; x_wconf 87' lang='lat' dir='ltr'><strong>misceri</strong></span> <span class='ocrx_word' id='word_1_156' title='bbox 1006 2074 1283 2135; x_wconf 88' lang='lat' dir='ltr'><strong>absinthia</strong></span> <span class='ocrx_word' id='word_1_157' title='bbox 1297 2121 1316 2153; x_wconf 84' lang='lat'><strong>‚</strong></span> <span class='ocrx_word' id='word_1_158' title='bbox 1340 2077 1518 2153; x_wconf 84' lang='lat' dir='ltr'><strong>tangit</strong></span> <span class='ocrx_word' id='word_1_159' title='bbox 1538 2093 1772 2136; x_wconf 88' lang='lat' dir='ltr'><strong>amaror.</strong></span> 
     </span>
     <span class='ocr_line' id='line_1_24' title="bbox 384 2156 1978 2238; baseline 0.001 -20"><span class='ocrx_word' id='word_1_160' title='bbox 384 2178 568 2238; x_wconf 85' lang='lat' dir='ltr'><strong>usque</strong></span> <span class='ocrx_word' id='word_1_161' title='bbox 590 2156 735 2219; x_wconf 85' lang='lat' dir='ltr'><strong>adeo</strong></span> <span class='ocrx_word' id='word_1_162' title='bbox 759 2158 1015 2219; x_wconf 88' lang='lat' dir='ltr'><strong>omnibus</strong></span> <span class='ocrx_word' id='word_1_163' title='bbox 1037 2158 1108 2218; x_wconf 86' lang='lat' dir='ltr'><strong>ab</strong></span> <span class='ocrx_word' id='word_1_164' title='bbox 1134 2158 1310 2219; x_wconf 88' lang='lat' dir='ltr'><strong>rebus</strong></span> <span class='ocrx_word' id='word_1_165' title='bbox 1332 2178 1429 2219; x_wconf 85' lang='lat' dir='ltr'><strong>res</strong></span> <span class='ocrx_word' id='word_1_166' title='bbox 1455 2177 1716 2237; x_wconf 86' lang='lat' dir='ltr'><strong>quaeque</strong></span> <span class='ocrx_word' id='word_1_167' title='bbox 1737 2159 1978 2220; x_wconf 84' lang='lat' dir='ltr'><strong>fluenter</strong></span> 
     </span>
     <span class='ocr_line' id='line_1_25' title="bbox 384 2241 1801 2322; baseline 0.001 -20"><span class='ocrx_word' id='word_1_168' title='bbox 384 2243 564 2304; x_wconf 80' lang='lat' dir='ltr'><strong>fertur</strong></span> <span class='ocrx_word' id='word_1_169' title='bbox 591 2252 650 2303; x_wconf 89' lang='lat' dir='ltr'><strong>et</strong></span> <span class='ocrx_word' id='word_1_170' title='bbox 667 2244 728 2303; x_wconf 88' lang='lat' dir='ltr'><strong>in</strong></span> <span class='ocrx_word' id='word_1_171' title='bbox 750 2252 983 2303; x_wconf 86' lang='lat' dir='ltr'><strong>cunctas</strong></span> <span class='ocrx_word' id='word_1_172' title='bbox 1013 2241 1303 2302; x_wconf 88' lang='lat' dir='ltr'><strong>dimittitur</strong></span> <span class='ocrx_word' id='word_1_173' title='bbox 1322 2242 1567 2321; x_wconf 86' lang='lat' dir='ltr'><strong>undique</strong></span> <span class='ocrx_word' id='word_1_174' title='bbox 1592 2244 1765 2322; x_wconf 82' lang='lat' dir='ltr'><strong>partis</strong></span> <span class='ocrx_word' id='word_1_175' title='bbox 1783 2290 1801 2322; x_wconf 85' lang='lat'><strong>‚</strong></span> 
     </span>
    </p>

    <p class='ocr_par' dir='ltr' id='par_1_9' title="bbox 237 2325 1802 2573">
     <span class='ocr_line' id='line_1_26' title="bbox 237 2325 1791 2405; baseline -0.003 -15"><span class='ocrx_word' id='word_1_176' title='bbox 237 2337 356 2390; x_wconf 77' lang='lat'><strong>225</strong></span> <span class='ocrx_word' id='word_1_177' title='bbox 384 2345 494 2388; x_wconf 92' lang='lat' dir='ltr'><strong>nec</strong></span> <span class='ocrx_word' id='word_1_178' title='bbox 515 2344 672 2387; x_wconf 89' lang='lat' dir='ltr'><strong>mora</strong></span> <span class='ocrx_word' id='word_1_179' title='bbox 691 2345 803 2387; x_wconf 89' lang='lat' dir='ltr'><strong>nec</strong></span> <span class='ocrx_word' id='word_1_180' title='bbox 824 2328 1056 2405; x_wconf 86' lang='lat' dir='ltr'><strong>requies</strong></span> <span class='ocrx_word' id='word_1_181' title='bbox 1079 2325 1390 2387; x_wconf 88' lang='lat' dir='ltr'><strong>interdatur</strong></span> <span class='ocrx_word' id='word_1_182' title='bbox 1409 2325 1525 2387; x_wconf 92' lang='lat' dir='ltr'><strong>ulla</strong></span> <span class='ocrx_word' id='word_1_183' title='bbox 1550 2325 1791 2404; x_wconf 85' lang='lat' dir='ltr'><strong>fluendi,</strong></span> 
     </span>
     <span class='ocr_line' id='line_1_27' title="bbox 385 2411 1802 2491; baseline -0.001 -20"><span class='ocrx_word' id='word_1_184' title='bbox 385 2420 667 2491; x_wconf 84' lang='lat' dir='ltr'><strong>perpetuo</strong></span> <span class='ocrx_word' id='word_1_185' title='bbox 692 2411 951 2489; x_wconf 84' lang='lat' dir='ltr'><strong>quoniam</strong></span> <span class='ocrx_word' id='word_1_186' title='bbox 972 2411 1246 2472; x_wconf 85' lang='lat' dir='ltr'><strong>sentimus</strong></span> <span class='ocrx_word' id='word_1_187' title='bbox 1268 2420 1327 2471; x_wconf 93' lang='lat' dir='ltr'><strong>et</strong></span> <span class='ocrx_word' id='word_1_188' title='bbox 1351 2412 1532 2470; x_wconf 84' lang='lat' dir='ltr'><strong>omnia</strong></span> <span class='ocrx_word' id='word_1_189' title='bbox 1555 2429 1802 2490; x_wconf 86' lang='lat' dir='ltr'><strong>semper.</strong></span> 
     </span>
     <span class='ocr_line' id='line_1_28' title="bbox 388 2493 1635 2573; baseline -0.002 -18"><span class='ocrx_word' id='word_1_190' title='bbox 388 2495 653 2573; x_wconf 89' lang='lat' dir='ltr'><strong>[cernere</strong></span> <span class='ocrx_word' id='word_1_191' title='bbox 682 2493 906 2554; x_wconf 89' lang='lat' dir='ltr'><strong>odorari</strong></span> <span class='ocrx_word' id='word_1_192' title='bbox 927 2493 1066 2554; x_wconf 90' lang='lat' dir='ltr'><strong>licet</strong></span> <span class='ocrx_word' id='word_1_193' title='bbox 1085 2502 1144 2554; x_wconf 92' lang='lat' dir='ltr'><strong>et</strong></span> <span class='ocrx_word' id='word_1_194' title='bbox 1167 2495 1381 2555; x_wconf 87' lang='lat' dir='ltr'><strong>sentire</strong></span> <span class='ocrx_word' id='word_1_195' title='bbox 1405 2494 1635 2572; x_wconf 86' lang='lat' dir='ltr'><strong>souare]</strong></span> 
     </span>
    </p>

    <p class='ocr_par' dir='ltr' id='par_1_10' title="bbox 384 2577 1947 2743">
     <span class='ocr_line' id='line_1_29' title="bbox 467 2577 1793 2658; baseline -0.002 -20"><span class='ocrx_word' id='word_1_196' title='bbox 467 2577 771 2639; x_wconf 87' lang='lat' dir='ltr'><strong>Praeterea</strong></span> <span class='ocrx_word' id='word_1_197' title='bbox 801 2579 1062 2658; x_wconf 83' lang='lat' dir='ltr'><strong>quoniam</strong></span> <span class='ocrx_word' id='word_1_198' title='bbox 1081 2577 1335 2638; x_wconf 86' lang='lat' dir='ltr'><strong>manibus</strong></span> <span class='ocrx_word' id='word_1_199' title='bbox 1355 2586 1591 2638; x_wconf 86' lang='lat' dir='ltr'><strong>tractata</strong></span> <span class='ocrx_word' id='word_1_200' title='bbox 1616 2578 1793 2654; x_wconf 85' lang='lat' dir='ltr'><strong>figura</strong></span> 
     </span>
     <span class='ocr_line' id='line_1_30' title="bbox 384 2661 1947 2743; baseline 0 -22"><span class='ocrx_word' id='word_1_201' title='bbox 384 2664 443 2721; x_wconf 91' lang='lat' dir='ltr'><strong>in</strong></span> <span class='ocrx_word' id='word_1_202' title='bbox 462 2661 715 2723; x_wconf 87' lang='lat' dir='ltr'><strong>tenebris</strong></span> <span class='ocrx_word' id='word_1_203' title='bbox 739 2661 1010 2743; x_wconf 77' lang='lat' dir='ltr'><strong>quaedam</strong></span> <span class='ocrx_word' id='word_1_204' title='bbox 1034 2663 1405 2738; x_wconf 81' lang='lat' dir='ltr'><strong>cognoscitur</strong></span> <span class='ocrx_word' id='word_1_205' title='bbox 1424 2679 1558 2721; x_wconf 88' lang='lat' dir='ltr'><strong>esse</strong></span> <span class='ocrx_word' id='word_1_206' title='bbox 1581 2661 1778 2719; x_wconf 88' lang='lat' dir='ltr'><strong>eadem</strong></span> <span class='ocrx_word' id='word_1_207' title='bbox 1801 2678 1947 2738; x_wconf 84' lang='lat' dir='ltr'><strong>quae</strong></span> 
     </span>
    </p>

    <p class='ocr_par' dir='ltr' id='par_1_11' title="bbox 243 2744 1881 3161">
     <span class='ocr_line' id='line_1_31' title="bbox 243 2744 1772 2823; baseline -0.003 -15"><span class='ocrx_word' id='word_1_208' title='bbox 243 2753 362 2808; x_wconf 75' lang='lat'><strong>230</strong></span> <span class='ocrx_word' id='word_1_209' title='bbox 388 2747 637 2806; x_wconf 88' lang='lat' dir='ltr'><strong>cernitur</strong></span> <span class='ocrx_word' id='word_1_210' title='bbox 655 2746 712 2806; x_wconf 90' lang='lat' dir='ltr'><strong>in</strong></span> <span class='ocrx_word' id='word_1_211' title='bbox 732 2745 865 2807; x_wconf 90' lang='lat' dir='ltr'><strong>luce</strong></span> <span class='ocrx_word' id='word_1_212' title='bbox 894 2756 953 2806; x_wconf 85' lang='lat' dir='ltr'><strong>et</strong></span> <span class='ocrx_word' id='word_1_213' title='bbox 977 2744 1131 2806; x_wconf 86' lang='lat' dir='ltr'><strong>claro</strong></span> <span class='ocrx_word' id='word_1_214' title='bbox 1165 2744 1445 2823; x_wconf 83' lang='lat' dir='ltr'><strong>candore,</strong></span> <span class='ocrx_word' id='word_1_215' title='bbox 1467 2752 1772 2804; x_wconf 87' lang='lat' dir='ltr'><strong>necessest</strong></span> 
     </span>
     <span class='ocr_line' id='line_1_32' title="bbox 386 2827 1674 2907; baseline -0.002 -18"><span class='ocrx_word' id='word_1_216' title='bbox 386 2827 663 2890; x_wconf 86' lang='lat' dir='ltr'><strong>consimili</strong></span> <span class='ocrx_word' id='word_1_217' title='bbox 700 2847 870 2891; x_wconf 87' lang='lat' dir='ltr'><strong>causa</strong></span> <span class='ocrx_word' id='word_1_218' title='bbox 889 2839 1100 2891; x_wconf 88' lang='lat' dir='ltr'><strong>tactum</strong></span> <span class='ocrx_word' id='word_1_219' title='bbox 1120 2830 1418 2907; x_wconf 80' lang='lat' dir='ltr'><strong>visumque</strong></span> <span class='ocrx_word' id='word_1_220' title='bbox 1437 2830 1674 2888; x_wconf 86' lang='lat' dir='ltr'><strong>moveri.</strong></span> 
     </span>
     <span class='ocr_line' id='line_1_33' title="bbox 382 2911 1810 2993; baseline 0 -21"><span class='ocrx_word' id='word_1_221' title='bbox 382 2930 531 2973; x_wconf 90' lang='lat' dir='ltr'><strong>nunc</strong></span> <span class='ocrx_word' id='word_1_222' title='bbox 553 2915 725 2991; x_wconf 83' lang='lat' dir='ltr'><strong>igitur</strong></span> <span class='ocrx_word' id='word_1_223' title='bbox 744 2915 794 2974; x_wconf 91' lang='lat' dir='ltr'><strong>si</strong></span> <span class='ocrx_word' id='word_1_224' title='bbox 818 2913 1146 2993; x_wconf 79' lang='lat' dir='ltr'><strong>quadratum</strong></span> <span class='ocrx_word' id='word_1_225' title='bbox 1173 2922 1510 2992; x_wconf 89' lang='lat' dir='ltr'><strong>temptamus</strong></span> <span class='ocrx_word' id='word_1_226' title='bbox 1540 2920 1598 2972; x_wconf 91' lang='lat' dir='ltr'><strong>et</strong></span> <span class='ocrx_word' id='word_1_227' title='bbox 1625 2911 1682 2970; x_wconf 90' lang='lat' dir='ltr'><strong>id</strong></span> <span class='ocrx_word' id='word_1_228' title='bbox 1705 2929 1810 2972; x_wconf 90' lang='lat' dir='ltr'><strong>nos</strong></span> 
     </span>
     <span class='ocr_line' id='line_1_34' title="bbox 385 2996 1836 3075; baseline 0 -20"><span class='ocrx_word' id='word_1_229' title='bbox 385 3007 706 3058; x_wconf 81' lang='lat' dir='ltr'><strong>commovet</strong></span> <span class='ocrx_word' id='word_1_230' title='bbox 726 2998 782 3056; x_wconf 89' lang='lat' dir='ltr'><strong>in</strong></span> <span class='ocrx_word' id='word_1_231' title='bbox 804 2998 1058 3058; x_wconf 87' lang='lat' dir='ltr'><strong>tenebris</strong></span> <span class='ocrx_word' id='word_1_232' title='bbox 1076 3042 1094 3074; x_wconf 77' lang='lat'>,</span> <span class='ocrx_word' id='word_1_233' title='bbox 1115 2998 1170 3055; x_wconf 89' lang='lat' dir='ltr'><strong>iu</strong></span> <span class='ocrx_word' id='word_1_234' title='bbox 1194 2996 1309 3055; x_wconf 86' lang='lat' dir='ltr'><strong>luci</strong></span> <span class='ocrx_word' id='word_1_235' title='bbox 1334 3014 1478 3075; x_wconf 87' lang='lat' dir='ltr'><strong>quae</strong></span> <span class='ocrx_word' id='word_1_236' title='bbox 1510 2996 1721 3075; x_wconf 86' lang='lat' dir='ltr'><strong>poterit</strong></span> <span class='ocrx_word' id='word_1_237' title='bbox 1742 3013 1836 3055; x_wconf 90' lang='lat' dir='ltr'><strong>res</strong></span> 
     </span>
     <span class='ocr_line' id='line_1_35' title="bbox 381 3075 1881 3161; baseline -0.001 -23"><span class='ocrx_word' id='word_1_238' title='bbox 381 3080 648 3141; x_wconf 89' lang='lat' dir='ltr'><strong>accidere</strong></span> <span class='ocrx_word' id='word_1_239' title='bbox 670 3080 740 3141; x_wconf 88' lang='lat' dir='ltr'><strong>ad</strong></span> <span class='ocrx_word' id='word_1_240' title='bbox 762 3083 1020 3161; x_wconf 89' lang='lat' dir='ltr'><strong>speciem</strong></span> <span class='ocrx_word' id='word_1_241' title='bbox 1043 3081 1307 3160; x_wconf 88' lang='lat' dir='ltr'><strong>quadrata</strong></span> <span class='ocrx_word' id='word_1_242' title='bbox 1322 3126 1339 3157; x_wconf 84' lang='lat'><strong>‚</strong></span> <span class='ocrx_word' id='word_1_243' title='bbox 1370 3081 1477 3140; x_wconf 89' lang='lat' dir='ltr'><strong>nisi</strong></span> <span class='ocrx_word' id='word_1_244' title='bbox 1507 3080 1629 3139; x_wconf 85' lang='lat' dir='ltr'><strong>eius</strong></span> <span class='ocrx_word' id='word_1_245' title='bbox 1654 3075 1881 3156; x_wconf 72' lang='lat' dir='ltr'><strong>imago?</strong></span> 
     </span>
    </p>

    <p class='ocr_par' dir='ltr' id='par_1_12' title="bbox 240 3161 1823 3493">
     <span class='ocr_line' id='line_1_36' title="bbox 240 3161 1762 3243; baseline -0.003 -19"><span class='ocrx_word' id='word_1_246' title='bbox 240 3171 356 3224; x_wconf 74' lang='lat'><strong>235</strong></span> <span class='ocrx_word' id='word_1_247' title='bbox 386 3182 522 3223; x_wconf 88' lang='lat' dir='ltr'><strong>esse</strong></span> <span class='ocrx_word' id='word_1_248' title='bbox 540 3164 597 3223; x_wconf 87' lang='lat' dir='ltr'><strong>in</strong></span> <span class='ocrx_word' id='word_1_249' title='bbox 618 3165 951 3242; x_wconf 86' lang='lat' dir='ltr'><strong>imaginibus</strong></span> <span class='ocrx_word' id='word_1_250' title='bbox 974 3173 1321 3243; x_wconf 87' lang='lat' dir='ltr'><strong>quapropter</strong></span> <span class='ocrx_word' id='word_1_251' title='bbox 1345 3181 1513 3223; x_wconf 87' lang='lat' dir='ltr'><strong>causa</strong></span> <span class='ocrx_word' id='word_1_252' title='bbox 1538 3161 1762 3222; x_wconf 85' lang='lat' dir='ltr'><strong>videtur</strong></span> 
     </span>
     <span class='ocr_line' id='line_1_37' title="bbox 385 3244 1823 3327; baseline -0.001 -21"><span class='ocrx_word' id='word_1_253' title='bbox 385 3246 655 3307; x_wconf 87' lang='lat' dir='ltr'><strong>cernundi</strong></span> <span class='ocrx_word' id='word_1_254' title='bbox 680 3267 868 3326; x_wconf 86' lang='lat' dir='ltr'><strong>neque</strong></span> <span class='ocrx_word' id='word_1_255' title='bbox 897 3266 1077 3327; x_wconf 89' lang='lat' dir='ltr'><strong>posse</strong></span> <span class='ocrx_word' id='word_1_256' title='bbox 1100 3249 1224 3308; x_wconf 87' lang='lat' dir='ltr'><strong>sine</strong></span> <span class='ocrx_word' id='word_1_257' title='bbox 1246 3247 1334 3307; x_wconf 87' lang='lat' dir='ltr'><strong>his</strong></span> <span class='ocrx_word' id='word_1_258' title='bbox 1362 3266 1457 3308; x_wconf 89' lang='lat' dir='ltr'><strong>res</strong></span> <span class='ocrx_word' id='word_1_259' title='bbox 1481 3244 1595 3305; x_wconf 89' lang='lat' dir='ltr'><strong>ulla</strong></span> <span class='ocrx_word' id='word_1_260' title='bbox 1616 3245 1823 3304; x_wconf 62' lang='lat' dir='ltr'><strong>videri„</strong></span> 
     </span>
     <span class='ocr_line' id='line_1_38' title="bbox 380 3328 1782 3410; baseline -0.002 -20"><span class='ocrx_word' id='word_1_261' title='bbox 380 3348 532 3391; x_wconf 89' lang='lat' dir='ltr'><strong>nunc</strong></span> <span class='ocrx_word' id='word_1_262' title='bbox 563 3349 630 3391; x_wconf 90' lang='lat' dir='ltr'><strong>ea</strong></span> <span class='ocrx_word' id='word_1_263' title='bbox 657 3350 804 3410; x_wconf 86' lang='lat' dir='ltr'><strong>quae</strong></span> <span class='ocrx_word' id='word_1_264' title='bbox 829 3331 958 3392; x_wconf 87' lang='lat' dir='ltr'><strong>dico</strong></span> <span class='ocrx_word' id='word_1_265' title='bbox 981 3350 1173 3393; x_wconf 89' lang='lat' dir='ltr'><strong>rerum</strong></span> <span class='ocrx_word' id='word_1_266' title='bbox 1204 3328 1502 3392; x_wconf 86' lang='lat' dir='ltr'><strong>simulacra</strong></span> <span class='ocrx_word' id='word_1_267' title='bbox 1524 3328 1782 3389; x_wconf 84' lang='lat' dir='ltr'><strong>feruntur</strong></span> 
     </span>
     <span class='ocr_line' id='line_1_39' title="bbox 380 3413 1769 3493; baseline -0.002 -21"><span class='ocrx_word' id='word_1_268' title='bbox 380 3414 628 3493; x_wconf 88' lang='lat' dir='ltr'><strong>undique</strong></span> <span class='ocrx_word' id='word_1_269' title='bbox 659 3416 796 3475; x_wconf 84' lang='lat' dir='ltr'><strong>etin</strong></span> <span class='ocrx_word' id='word_1_270' title='bbox 820 3425 1051 3475; x_wconf 86' lang='lat' dir='ltr'><strong>cunctas</strong></span> <span class='ocrx_word' id='word_1_271' title='bbox 1072 3415 1349 3474; x_wconf 89' lang='lat' dir='ltr'><strong>iaciuntur</strong></span> <span class='ocrx_word' id='word_1_272' title='bbox 1371 3413 1538 3472; x_wconf 88' lang='lat' dir='ltr'><strong>didita</strong></span> <span class='ocrx_word' id='word_1_273' title='bbox 1562 3414 1769 3491; x_wconf 86' lang='lat' dir='ltr'><strong>partis:</strong></span> 
     </span>
    </p>

    <p class='ocr_par' dir='ltr' id='par_1_13' title="bbox 296 3490 1877 3557">
     <span class='ocr_line' id='line_1_40' title="bbox 296 3490 1877 3557; baseline 0.002 -3"><span class='ocrx_word' id='word_1_274' title='bbox 296 3502 617 3557; x_wconf 69' lang='lat' dir='ltr'><strong>Lamnus,</strong></span> <span class='ocrx_word' id='word_1_275' title='bbox 1841 3490 1877 3551; x_wconf 80' lang='grc'>7</span> 
     </span>
    </p>
   </div>
   <div class='ocr_carea' id='block_1_3' title="bbox 2135 151 2218 219">
    <p class='ocr_par' dir='ltr' id='par_1_14' title="bbox 2135 151 2218 219">
     <span class='ocr_line' id='line_1_41' title="bbox 2135 151 2218 219; baseline 0 0"><span class='ocrx_word' id='word_1_276' title='bbox 2135 151 2218 219; x_wconf 81' lang='grc'><strong>97</strong></span> 
     </span>
    </p>
   </div>
  </div>
 </body>
</html>
