2409 3825
657 192 860 240 xxm.
941 190 1323 241 HANNIBAL.
1366 190 1550 239 9—11.
1993 178 2082 246 95

137 327 475 392 avaritiam
533 326 969 394 Cretensium:
1040 347 1345 413 magnam
1394 324 1568 391 enim
1625 348 1838 394 secum
1890 350 2078 414 pecu-

135 413 315 477 niam
358 412 680 496 portabat‚
727 411 803 475 de
850 432 977 496 qua
1020 413 1264 476 sciebat
1293 412 1494 476 exisse
1527 415 1786 478 famam.
1856 413 1947 478 ita
1995 436 2075 479 ue
2104 426 2144 475 3

139 496 320 580 capit
356 495 487 560 tale
545 496 906 560 consilium.
994 496 1340 581 amphoras
1398 496 1758 580 complures
1802 518 1989 582 comp
2016 503 2081 563 et

135 580 427 664 plumbo,
474 601 756 644 summas
801 580 1011 663 operit
1055 601 1212 645 auro
1258 583 1324 644 et
1365 585 1652 666 argento,
1739 581 1857 646 has
1899 603 2080 666 prae·

137 665 429 729 sentibus
458 664 669 747 princi
717 665 860 727 ibus
892 663 1161 747 deponit
1201 664 1273 728 in
1301 665 1544 749 templo
1574 664 1842 751 Dianae,
1887 665 2079 730 simu·
2185 732 2191 749 2
2268 708 2275 715 ,

137 749 281 812 lans
338 769 405 811 se
449 769 596 813 suas
684 752 950 812 ortunas
992 747 1253 813 illorum
1293 748 1444 813 fidei
1498 749 1769 814 credere.
1853 749 1960 836 his
2008 751 2080 814 in
2189 752 2211 807 Υ
2356 766 2361 771 ·

137 853 424 897 errorem
467 831 767 915 inductis,
813 835 1058 896 statuas
1102 836 1363 917 aeneas,
1409 854 1566 917 quas
1609 854 1823 899 secum
1865 837 2079 918 porta-
2232 832 2239 837 ⁸

137 918 271 999 bat,
320 916 497 981 omni
543 937 659 980 sua
752 917 981 980 ecunia
1021 916 1303 1000 complet
1344 938 1577 1002 easque
1620 917 1690 982 in
1731 918 2077 1003 propatulo

136 1000 317 1065 domi
361 1000 601 1064 abiicit.
696 938 997 1084 gortynii
1038 1001 1353 1084 templum
1395 1021 1633 1086 magna
1675 1022 1827 1066 cura
1868 1007 2076 1067 custo·
2103 1015 2139 1064 4

141 1083 350 1169 diunt,
395 1104 533 1148 non
562 1087 699 1147 tam
742 1105 780 1148 a
823 1084 1049 1148 ceteris
1080 1106 1272 1169 quam
1302 1084 1382 1149 ab
1411 1083 1797 1171 Hannibale,
1839 1107 1924 1153 ne
1967 1086 2077 1151 ille

134 1167 566 1233 inscientibus
609 1167 690 1232 iis
732 1167 993 1233 tolleret
1034 1188 1375 1253 secumque
1420 1169 1694 1235 duceret.

316 1250 423 1316 Sic
467 1252 864 1316 conservatis
918 1252 1048 1316 suis
1104 1253 1296 1318 rebus
1336 1252 1622 1339 Poenus,
1678 1253 1886 1319 illusis
1928 1253 2079 1320 Cre·
2099 1256 2186 1319 10

132 1335 434 1401 tensibus
479 1336 812 1419 omnibus,
869 1337 948 1400 ad
968 1335 1286 1433 ‚Prusiam
1327 1338 1399 1402 in
1440 1337 1723 1434 Pontum
1764 1339 2077 1421 pervenit.

134 1418 317 1569 {fix}
360 1419 1101 1589 ἓὲῗέιζυὲῗέῖῗῶξὲῒζ
1128 1419 2080 1589 ssgssssffltttfflxssfflffi

134 1588 447 1652 adversus
469 1586 816 1671 Romanos.
886 1609 1075 1673 quem
1093 1610 1252 1683 §Em
1279 1588 1525 1671 videret
1553 1589 1916 1655 domesticis
1942 1590 2074 1673 opi·
2103 1603 2139 1653 2

134 1675 260 1737 bus
309 1673 526 1737 minus
573 1693 708 1737 esse
752 1672 1109 1756 robustum,
1163 1673 1547 1737 conciliabat
1588 1678 1832 1739 ceteros
1873 1696 1943 1739 re
1991 1695 2077 1758 es,

136 1756 542 1842 adiungebat
568 1756 906 1821 bellicosas
933 1759 1249 1822 nationes.
1323 1756 1669 1822 dissidebat
1710 1757 1791 1822 ab
1821 1778 1898 1823 eo
1985 1780 2079 1823 er-

185 1861 456 1926 amenus
499 1861 612 1904 rex
654 1840 1007 1924 EumeneS,
1063 1839 1375 1906 Romanis
1437 1842 1890 1928 amicissimus,
1945 1841 2078 1906 bel-

165 1947 404 2022 umque
471 1926 643 1990 inter
696 1947 805 1990 eos
861 1927 1202 2011 gerebatur
1259 1930 1325 1991 et
1365 1927 1527 1991 mari
1572 1931 1636 1992 et
1677 1931 1881 1992 terra:
1947 1948 2075 2012 quo

134 2031 349 2095 magis
393 2010 691 2093 cupiebat
735 2030 879 2073 eum
922 2008 1253 2080 Hannibal
1298 2033 1381 2094 op
1426 2012 1591 2076 rimi.
1680 2011 1790 2076 sed
1832 2012 2073 2077 utrobi·
2102 2025 2139 2074 8

137 2115 266 2179 que
296 2092 621 2159 Eumenes
648 2094 797 2178 plus
827 2094 1084 2158 valebat
1109 2099 1377 2178 propter
1465 2116 1843 2161 omanorum
1880 2096 2076 2161 socie-

134 2182 377 2243 tatem:
425 2199 614 2261 quem
659 2179 713 2242 si
755 2178 1150 2262 removisset,
1195 2178 1488 2244 faciliora
1530 2180 1654 2244 sibi
1684 2183 1895 2244 cetera
1935 2179 2076 2246 fore

136 2261 592 2327 arbitrabatur.
702 2261 784 2326 ad
846 2262 1020 2328 hunc
1083 2263 1605 2329 interficiundum
1667 2263 1864 2328 talem
1928 2264 2078 2330 iniit

135 2347 479 2411 rationem.
547 2347 746 2410 classe
774 2347 996 2431 paucis
1027 2346 1250 2413 diebus
1278 2352 1463 2413 erant
1490 2347 1823 2414 decreturi.
1890 2369 2072 2433 supe-
2100 2363 2141 2413 4

135 2433 407 2495 rabatur
446 2431 710 2495 navium
753 2430 1201 2496 multitudine:
1259 2431 1409 2498 dolo
1453 2437 1592 2497 erat
1633 2429 2074 2518 pugnandum,

34 2571 43 2594 ,
137 2537 289 2587 cum
342 2536 463 2598 par
515 2535 651 2579 non
707 2518 873 2579 esset
927 2516 1140 2580 armis.
1238 2516 1581 2600 imperavit
1636 2537 1842 2614 quam·
1877 2516 2076 2599 pluri-

35 2599 44 2652 2'
135 2621 279 2663 mas
309 2603 658 2663 venenatas
701 2602 1030 2682 serpentes
1059 2600 1240 2665 vivas
1283 2600 1501 2685 colligi
1546 2621 1778 2685 easque
1821 2620 1894 2665 m
1921 2621 2075 2665 vasa

136 2682 367 2748 fictilia
411 2682 662 2748 coniici.
736 2682 964 2747 harum
1001 2704 1146 2760 cnm
1176 2682 1488 2749 effecisset
1522 2706 1628 2749 ma
1722 2705 1826 2749 am
1856 2684 2070 2749 multi·
2098 2696 2133 2747 5

136 2767 453 2851 tudinem,
500 2766 601 2830 die
621 2766 793 2851 ,iPSO‚
839 2788 967 2851 quo
996 2767 1285 2832 facturus
1314 2765 1452 2833 erat
1477 2790 1646 2834 nava
1673 2789 1707 2833 e
1735 2768 2072 2854 proelium,

139 2851 502 2916 classiarios
555 2854 869 2917 convocat
919 2851 1125 2936 iisque
1173 2852 1514 2937 praecipit,
1579 2873 1801 2918 omnes
1864 2857 1940 2918 ut
2002 2853 2073 2918 in

138 2958 339 3001 uuam
392 2935 701 3000 Eumenis
762 2935 934 3020 regis
988 2939 1376 3001 concurrant
1431 2957 1663 3002 navem
1676 2986 1694 3021 ‚
1749 2951 1789 3001 a
1847 2937 2073 3002 ceteris

137 3024 396 3086 tantum
452 3020 606 3084 satis
659 3019 942 3084 habeant
996 3041 1063 3085 se
1117 3019 1472 3086 defendere.
1559 3020 1625 3086 id
1680 3021 1829 3085 illos
1881 3020 2072 3085 facile

35 3177 38 3182 ‚
137 3102 538 3189 serpentium
581 3103 991 3169 multitudine
1036 3108 1509 3170 consecuturos.
1595 3125 1708 3170 rex
1740 3107 1956 3169 autem
1999 3105 2069 3170 in
2100 3116 2137 3167 6

35 3227 38 3266 4
139 3211 268 3273 qua
311 3209 480 3252 nave
521 3187 877 3273 veheretur,
921 3193 996 3255 ut
1037 3189 1304 3272 scirent,
1349 3212 1418 3255 se
1468 3188 1820 3254 facturum:
1880 3209 2072 3274 quem

137 3275 193 3337 si
237 3276 355 3338 aut
409 3271 728 3356 cepissent
780 3275 894 3337 aut
943 3273 1436 3358 interfecissent,
1480 3293 1719 3358 magno
1762 3272 1841 3338 iis
1882 3273 2071 3358 polli-

137 3361 324 3422 cetur
359 3358 648 3441 praemio
692 3356 851 3422 fore.
937 3357 1056 3423 tali
1099 3358 1546 3423 cohortatione
1579 3357 1858 3423 militum
1899 3356 2072 3421 facta
2094 3356 2167 3418 11

137 3441 362 3507 classis
380 3442 487 3507 ‘ab
530 3442 818 3526 utrisque
873 3442 942 3506 in
993 3443 1314 3527 proelium
1365 3440 1713 3507 deducitur.
1801 3458 2068 3525 quarum
