2409 3825
16 3220 26 3282 f

1149 215 1202 274 V

323 387 601 462 Suavius,
634 387 691 444 in
721 386 914 464 primis
937 383 1132 462 placet
1154 392 1213 442 et
1236 382 1458 463 pollere
1480 384 1733 461 videtur,

326 471 746 549 posteriorque
768 468 894 527 fere
920 467 1122 527 melior
1142 486 1239 527 res
1261 467 1358 526 illa
1378 478 1609 546 reperta

326 551 530 631 perdit
555 562 612 611 et
635 554 886 612 immutat
908 569 1111 610 sensus
1134 551 1203 611 ad
1230 552 1461 629 pristina
1486 569 1804 640 quaequg...

328 640 429 697 sic
451 636 639 696 odium
662 637 854 714 coepit
883 634 1135 711 glandiS‚
1160 638 1245 693 sic
1267 634 1363 694 illa
1386 634 1588 695 relicta

120 732 322 785 1415-
339 729 517 780 strata
542 719 749 779 cubilia
774 729 902 778 sunt
923 718 1115 777 herbis
1139 727 1201 780 et,
1219 718 1514 777 frondibus
1540 728 1722 778 aucta.

337 803 515 884 pellis
537 808 673 863 item
697 802 907 863 cecidit
929 804 1109 862 vestis
1136 811 1458 881 contempta
1483 802 1725 871 ferinae;

340 906 508 966 quam
528 903 663 946 reor
680 886 884 949 invidia
911 885 1008 945 tali
1030 895 1165 945 tunc
1188 904 1323 945 esse
1345 896 1628 964 repertam
1646 933 1663 964 ,

337 981 404 1030 ut
431 971 604 1031 letum
630 969 848 1030 insidiis
873 971 966 1047 qui
988 970 1171 1047 gessit
1196 972 1407 1046 primus
1431 970 1648 1047 obiret,

340 1065 403 1116 et
426 1064 608 1114 tamen
631 1055 777 1114 iuter
798 1071 901 1113 eos
926 1054 1248 1113 distractam
1272 1055 1543 1130 sanguine
1566 1055 1742 1114 multo

119 1150 305 1203 1420
336 1139 674 1217 disperiisse
697 1156 882 1215 neque
906 1138 964 1197 in
986 1136 1230 1197 fructum
1257 1147 1598 1198 convertere
1621 1142 1832 1217 quisse.

337 1233 478 1282 tunc
500 1222 669 1299 igitur
689 1220 876 1299 pelles
893 1268 911 1299 ‚
936 1240 1084 1280 nunc
1107 1238 1301 1279 aurum
1325 1231 1384 1281 et
1414 1239 1660 1300 purpura
1691 1226 1839 1282 curis

339 1314 617 1367 exercent
641 1304 923 1364 hominum
950 1306 1120 1364 vitam
1142 1303 1417 1382 belloque
1439 1304 1700 1383 fatigant:

338 1408 458 1470 quo
479 1390 656 1467 magis
678 1390 735 1450 in
755 1389 918 1448 nobis
935 1434 953 1464 ‚
976 1400 1037 1448 ut
1060 1389 1295 1466 opinor,
1323 1388 1489 1467 culpa
1512 1390 1745 1449 resedit.

337 1475 522 1551 frigus
547 1474 694 1533 enim
715 1472 895 1532 nudos
919 1474 1042 1532 sine
1067 1470 1317 1551 pellibus
1341 1472 1705 1533 excruciabat

121 1570 302 1625 1425
322 1559 686 1643 terrigenas:
712 1567 766 1615 at
789 1573 892 1616 nos
915 1556 992 1616 nil
1015 1555 1187 1616 laedit
1210 1565 1376 1616 veste
1402 1574 1599 1615 carere

340 1659 627 1721 purpurea
648 1650 817 1718 atque
841 1658 977 1700 auro
1001 1641 1296 1718 signisque
1318 1640 1641 1716 ingentibus
1666 1650 1791 1718 apta
1809 1687 1825 1717 ,

338 1727 474 1785 dum
495 1724 723 1804 plebeia
751 1733 935 1783 tamen
959 1725 1064 1801 sit,
1093 1742 1237 1803 quae
1261 1722 1571 1783 defendere
1592 1726 1790 1802 possit.

337 1826 487 1887 ergo
507 1808 789 1868 hominum
810 1826 993 1885 genus
1016 1810 1072 1866 in
1107 1826 1331 1867 cassum
1353 1806 1671 1885 frustraque
1693 1807 1910 1869 laborat

321 1908 577 1972 'semper
598 1894 737 1953 etin
766 1893 917 1952 curis
947 1893 1225 1953 consumit
1247 1891 1502 1952 inanibus
1525 1907 1722 1952 aevom
1740 1938 1756 1968 ,

129 1991 306 2046 1430
338 1979 629 2056 nimirum,
658 1979 784 2055 quia
805 1995 918 2036 non
947 1978 1217 2054 cognovit
1243 1994 1386 2054 quae
1417 1977 1490 2036 sit
1515 1972 1757 2036 habendi

342 2063 469 2122 finis
494 2072 551 2121 et
575 2063 797 2121 omnino
821 2060 1005 2139 quoad
1030 2069 1255 2121 crescat
1275 2078 1411 2119 vera
1436 2059 1728 2139 voluptas:

340 2147 515 2225 idque
539 2146 843 2205 minutatim
864 2146 1032 2204 vitam
1057 2145 1321 2223 provexit
1350 2146 1406 2203 in
1427 2143 1600 2204 altum

341 2240 407 2290 et
433 2228 568 2288 belli
592 2246 826 2306 magnos
851 2230 1152 2288 commovit
1171 2228 1417 2287 funditus
1442 2237 1652 2288 aestus.
1686 2224 1713 2310 Η

429 2313 503 2372 At
525 2312 733 2389 vigiles
756 2311 941 2371 mundi
973 2330 1232 2388 magnum
1259 2311 1527 2372 versatili'
1551 2314 1818 2393 templum

137 2410 306 2465 1435
338 2397 435 2458 sol
464 2405 524 2456 et
546 2395 675 2455 luna
698 2414 802 2455 suo
826 2395 1129 2456 lustrantes
1154 2395 1361 2455 lumine
1387 2397 1598 2455 circum
1637 2399 1648 2411 '

342 2480 707 2560 perdocuere
728 2479 986 2540 homines
1010 2497 1277 2539 annorum
1307 2488 1564 2557 tempora
1589 2484 1731 2559 verti

342 2574 406 2625 et
432 2572 588 2625 certa
606 2566 823 2623 ratione
846 2564 970 2640 geri
994 2582 1113 2623 rem
1135 2572 1304 2642 atque
1331 2563 1527 2622 ordine
1552 2575 1729 2624 certo,

428 2645 543 2707 Iam
572 2647 770 2707 validis
794 2648 977 2725 saepti
1002 2647 1288 2725 degebant
1311 2647 1556 2706 turribus
1580 2665 1777 2707 aevom
1796 2692 1812 2721 ,

342 2743 406 2793 et
429 2731 607 2791 divisa
632 2731 928 2791 colebatur
950 2730 1311 2808 discretaque
1337 2728 1507 2789 tellus
1529 2775 1546 2807 ‚

149 2827 311 2882 1440
340 2819 451 2876 iam
473 2833 627 2875 mare
648 2813 911 2874 velivolis
940 2813 1179 2874 florebat
1201 2813 1487 2893 puppibus
1505 2859 1521 2889 ,
1549 2823 1606 2873 et
1629 2831 1724 2871 res

339 2899 550 2960 auxilia
571 2917 640 2958 ac
663 2900 855 2959 socios
879 2899 987 2957 iam
1011 2908 1180 2977 pacto
1204 2897 1442 2957 foedere
1464 2896 1744 2956 habebant
1762 2940 1780 2971 ‚

344 2983 683 3044 carminibus
712 3000 839 3043 cum
860 3000 959 3042 res,
977 2992 1171 3060 gestas
1202 3000 1454 3060 coepere
1477 2987 1687 3059 poetae

340 3066 599 3127 tradere:
622 3085 732 3126 nec
754 3065 932 3125 multo
955 3067 1097 3144 priu'
1120 3075 1249 3126 sunt
1272 3065 1551 3126 elementa
1572 3072 1819 3142 reperta.

345 3161 657 3230 propterea
679 3148 814 3230 quid
838 3152 912 3210 sit
944 3145 1099 3229 prius
1123 3159 1310 3209 actum
1330 3150 1626 3226 respicere
1651 3156 1806 3207 aetas

152 3246 309 3303 1445
341 3245 538 3296 nostra
559 3236 789 3313 nequit,
815 3235 923 3294 nisi
952 3252 1061 3310 qua
1082 3235 1223 3292 ratio
1247 3234 1489 3309 vestigia
1517 3239 1807 3291 monstrat.

430 3318 667 3396 Navigia
689 3327 859 3395 atque
885 3319 1006 3395 agri
1032 3317 1279 3378 culturas
1295 3363 1313 3393 ‚
1339 3317 1558 3374 moenia
1581 3361 1598 3392 ‚
1623 3314 1789 3390 leges
1809 3359 1824 3390 ,

345 3421 528 3480 arma,
556 3404 678 3462 vias
695 3448 713 3479 ‚
736 3409 936 3461 vestes
952 3446 969 3478 ‚
998 3409 1054 3461 et
1080 3410 1273 3462 cetera
1291 3401 1361 3460 de
1385 3416 1600 3476 genere
1630 3398 1827 3456 horum
1846 3441 1865 3473 ‚

343 3488 593 3567 praemia
612 3532 630 3563 ‚
655 3484 892 3544 delicias
917 3502 1145 3563 quoque
1166 3485 1316 3543 vitae
1346 3481 1593 3540 funditus
1617 3481 1840 3620 omriis²3¹

2036 217 2175 298 ,163
