2409 3825
196 146 284 211 58
546 145 551 149 ’
692 208 696 221 ,
1174 153 1232 212 11

371 331 497 374 cum
524 315 727 394 quibus
754 323 811 374 et
843 315 992 395 quali
1014 317 1123 377 sint
1151 317 1347 378 ordine
1373 336 1633 397 quaeque
1659 317 1865 381 locata.

197 409 335 472 1015
368 399 631 478 [namque
653 398 851 459 eadem
876 400 1097 460 caelum
1119 419 1271 462 mare
1296 411 1476 462 terras
1500 403 1723 462 flumina
1748 403 1933 465 solem

367 484 688 561 significant
711 483 911 544 eadem
937 484 1135 565 fruges
1170 486 1399 547 arbusta
1421 487 1735 567 animantis]

369 569 553 629 sinon
574 570 758 628 omnia
782 579 943 646 sunt,
969 579 1023 629 at
1046 570 1223 629 multo
1247 573 1483 631 maxima
1505 589 1636 650 pars
1662 584 1752 633 est

370 650 710 713 consimilis:
733 672 930 713 verum
952 656 1205 732 positura
1229 654 1598 734 discrepitant
1620 674 1735 717 res.

366 738 453 797 sic
473 739 615 816 ipsis
639 739 695 796 in
718 737 891 798 rebus
915 739 1051 797 item
1073 741 1180 797 iam
1200 741 1451 799 materiai

199 831 336 885 1020
367 820 683 900 [intervalla
707 822 828 881 vias
854 839 1108 883 conexus
1133 823 1388 902 pondera
1410 823 1635 904 plagas]

371 923 683 966 concursus
704 915 890 968 motus
916 907 1054 967 ordo
1082 910 1338 987 positura
1361 908 1574 987 figurae

372 1009 498 1051 cum
522 1000 941 1069 permutantur,
973 994 1171 1053 mutari
1192 1012 1289 1054 res
1315 1011 1546 1072 quoque
1570 993 1798 1054 debent.

451 1073 616 1135 Nunc
641 1077 880 1135 animum
900 1076 1065 1138 nobis
1091 1077 1295 1137 adhibe
1317 1095 1511 1138 veram
1540 1077 1611 1137 ad
1630 1080 1921 1138 rationem.

366 1178 493 1219 nam
515 1159 615 1219 tibi
635 1170 934 1221 vementer
957 1178 1105 1222 nova
1124 1180 1222 1222 res
1258 1160 1486 1222 molitur
1506 1161 1576 1221 ad
1600 1164 1749 1224 auris

199 1255 335 1309 1025
366 1244 633 1305 accidere
657 1253 716 1304 et
738 1262 886 1304 nova
907 1264 973 1306 se
998 1248 1231 1325 species
1259 1247 1570 1307 ostendere
1597 1265 1804 1306 rerum.

366 1328 472 1389 sed
494 1347 684 1407 neque
711 1339 821 1389 tam
847 1329 1032 1390 facilis
1055 1349 1150 1390 res
1173 1329 1290 1389 ulla
1314 1340 1438 1409 est,
1467 1333 1601 1410 quin
1624 1350 1693 1391 ea
1715 1334 1951 1411 primum

367 1412 615 1473 difficilis
639 1415 820 1493 magis
847 1413 916 1472 ad
943 1414 1289 1474 credendum
1313 1424 1572 1494 constet,
1608 1417 1858 1494 itemque

366 1497 443 1557 nil
466 1496 612 1558 adeo
634 1515 894 1576 magnum
919 1517 1108 1578 neque
1133 1508 1246 1558 tam
1268 1498 1523 1559 mirabile
1555 1502 1851 1578 quicquain
1869 1545 1886 1574 .,

368 1581 521 1661 quod
548 1600 662 1642 non
685 1581 951 1662 paulatim
972 1585 1187 1642 mittant
1212 1585 1465 1643 mirarier
1494 1601 1710 1645 omnes,

199 1677 337 1731 1030
366 1668 646 1747 suspicite
674 1666 818 1728 caeli
843 1665 1055 1727 clarum
1076 1685 1393 1746 purumque
1421 1666 1675 1729 colorem
1692 1715 1709 1744 ‚

370 1770 631 1831 quaeque
656 1754 710 1811 in
736 1772 802 1813 se
831 1751 1096 1830 cohibet,
1125 1751 1369 1831 palantia
1393 1752 1580 1813 sidera
1601 1754 1811 1831 passim
1830 1798 1847 1828 ‚

368 1836 669 1916 lunamque
695 1846 754 1896 et
776 1835 917 1897 solis
943 1836 1238 1916 praeclara
1264 1834 1398 1896 luce
1422 1838 1695 1906 nitorem;
1857 1900 1860 1903 A

369 1922 552 1981 omnia
580 1939 725 1999 quae
750 1940 900 1982 nunc
926 1924 975 1982 si
1001 1924 1238 2001 primum
1261 1921 1593 1983 mortalibus
1620 1932 1817 1984 essent

369 2023 444 2066 ex
468 2006 757 2085 inproviso
779 2007 906 2067 visu
932 2007 1193 2067 subiecta
1215 2015 1456 2086 repente
1473 2052 1491 2083 ,

200 2101 335 2155 1035
368 2088 503 2169 qnid
525 2091 704 2167 magis
729 2089 817 2150 his
841 2091 1016 2151 rebus
1040 2101 1266 2171 poterat
1288 2089 1544 2152 mirabile
1574 2092 1686 2152 dici
1703 2138 1721 2170 ‚

367 2175 662 2236 autminus
688 2184 815 2234 ante
849 2175 1002 2254 quod
1025 2174 1300 2235 auderent
1320 2174 1446 2252 fore
1471 2175 1711 2237 credere
1735 2172 1986 2255 gentes?

365 2257 480 2336 nil,
506 2267 567 2318 ut
590 2261 822 2337 opinor:
847 2262 923 2334 ita
946 2257 1091 2320 haec
1115 2261 1351 2339 species
1375 2260 1623 2321 miranda
1645 2261 1867 2322 fuisset.

368 2360 534 2423 quam
557 2345 660 2403 tibi
684 2345 790 2402 iam
813 2360 981 2404 nemo
998 2389 1015 2421 ,
1043 2343 1236 2406 fessus
1261 2345 1460 2420 satiate
1483 2344 1741 2425 videndi,

367 2429 670 2507 suspicere
693 2429 748 2487 in
774 2425 920 2488 caeli
943 2427 1201 2506 dignatur
1223 2427 1410 2488 lucida
1432 2427 1672 2509 templa!

198 2522 336 2579 1040
367 2512 567 2574 desine
595 2521 948 2592 quapropter
963 2515 1215 2574 novitate
1240 2514 1546 2574 exterritus
1567 2515 1692 2594 ipsa

367 2615 624 2677 expuere
651 2615 726 2658 ex
746 2599 928 2657 animo
952 2599 1225 2658 rationem
1241 2642 1259 2675 ‚
1286 2596 1392 2658 sed
1415 2600 1594 2675 magis
1617 2599 1733 2658 acri

366 2682 577 2742 iudicio
605 2680 937 2761 perpende,
964 2684 1094 2742 etsi
1123 2681 1225 2741 tibi
1247 2698 1383 2742 vera
1405 2681 1700 2762 videntur,

369 2765 516 2827 dede
540 2784 735 2827 manus
755 2812 773 2845 ,
798 2774 924 2843 aut,
951 2767 999 2826 si
1023 2765 1228 2826 falsum
1253 2776 1342 2827 est
1359 2812 1377 2843 ,
1402 2768 1710 2846 accingere
1738 2778 1950 2831 contra.

368 2852 588 2929 quaerit
613 2854 760 2912 enim
783 2852 1058 2911 rationem
1081 2851 1296 2912 animus
1314 2897 1332 2928 ,
1363 2870 1489 2911 cum
1516 2871 1729 2914 summa
1750 2852 1865 2914 loci
1891 2853 1964 2913 sit

200 2945 336 2999 1045
367 2936 577 2996 infinita
599 2935 739 2997 foris
762 2935 908 2996 haec
931 2944 1092 2996 extra
1113 2938 1337 2996 moenia
1359 2935 1547 2997 mundi
1563 2983 1581 3016 ,

371 3020 505 3101 quid
528 3021 602 3081 sit
624 3021 702 3081 ibi
727 3038 901 3101 porro
917 3067 935 3100 ‚
965 3038 1078 3101 quo
1101 3023 1440 3101 prospicere
1465 3040 1649 3102 usque
1674 3022 1814 3083 velit
1835 3040 1999 3084 mens

367 3115 540 3185 atque
564 3107 729 3165 animi
753 3108 936 3166 iactus
960 3105 1110 3166 liber
1133 3123 1247 3186 quo
1273 3105 1540 3187 pervolet
1562 3110 1710 3187 ipse.

453 3188 737 3268 Principio
760 3190 926 3250 nohis
949 3192 1004 3251 in
1031 3200 1265 3252 cunctas
1289 3190 1536 3271 undique
1559 3193 1735 3272 partis

371 3281 429 3331 et
453 3270 634 3331 latere
660 3289 735 3331 ex
757 3282 1001 3354 utroque
1021 3293 1218 3352 supra
1240 3284 1555 3355 supterque
1579 3295 1685 3357 per
1709 3294 1875 3336 omne

204 3360 344 3417 1050
371 3354 525 3414 nulla
550 3363 639 3413 est
663 3355 818 3425 finis;
842 3360 923 3417 uti
947 3358 1149 3437 docui,
1175 3377 1273 3420 res
1296 3363 1538 3439 ipsaque
1564 3378 1671 3439 per
1694 3379 1760 3422 se

372 3437 750 3521 vociferatur,
779 3449 838 3500 et
862 3440 1057 3502 elucet
1080 3453 1276 3504 natura
1298 3443 1582 3524 profundi.
