2409 3825
147 16 170 31 Ἰ
181 24 236 65 '¹2

173 66 228 107 5⁰·-
239 78 250 83 -

195 168 329 258 'VLJ
1044 182 1282 240 mssa.

382 345 649 413 Comata
691 345 881 412 silva:
924 366 1076 411 nam
1120 344 1383 429 Cytorio
1425 345 1498 410 in
1538 345 1691 431 iugo

378 430 433 497 L
476 432 708 515 quente
752 451 941 515 saepe
984 429 1245 495 sibilum
1285 429 1486 494 edidit
1527 451 1732 496 coma.

282 527 288 535 '
513 514 670 581 astri
711 514 979 580 Pontica
1020 515 1087 578 et
1130 513 1365 598 Cytore
1407 515 1658 596 bugifer
1670 544 1773 597 ,aff
1918 556 1961 571 „.
1992 536 2049 573 fs-

243 612 290 633 ‘s'
383 599 530 664 Tibi
570 599 728 664 haec
770 598 969 664 fuisse
1012 601 1079 663 et
1120 619 1260 663 esse
1303 596 1747 697 cognitissima
1964 599 1972 615 '

378 684 496 748 Ait
535 682 871 767 phaselus:
912 682 1158 761 ultima.
1181 704 1262 747 ex
1303 683 1553 769 origine

381 767 521 832 Tuo
566 767 820 833 stetisse
864 766 1021 831 dicit
1058 766 1132 830 in
1174 767 1532 851 cacumine,

380 851 519 917 Tuo
561 851 865 916 imbuisse
907 851 1222 936 palmulas
1263 850 1336 915 in
1377 872 1681 935 aequore,

380 935 473 1000 Et
506 936 661 1020 inde
702 937 804 1000 tot
841 957 959 1020 per
998 935 1363 1019 inpotentia.
1402 936 1567 1000 freta

381 1019 585 1085 Erum
599 1026 608 1029 *
624 1019 880 1103 tulisse,
923 1019 1107 1084 laeva
1149 1020 1284 1084 sive
1326 1019 1587 1084 dextera

379 1103 660 1169 Vocaret
700 1124 883 1186 aura,
927 1105 1060 1169 sixte
1100 1107 1440 1188 utrumque
1481 1104 1559 1168 Iu
1602 1105 1770 1188 piter

381 1187 587 1253 Simul
630 1188 942 1253 secundus
984 1188 1316 1275 incidisset
1354 1189 1424 1253 in
1704 1213 1722 1273 ς

381 1277 601 1356 Neque
642 1272 775 1337 ulla
814 1275 967 1337 vota
1007 1272 1366 1351 literalibus
1410 1272 1545 1337 deis

383 1355 521 1422 Sibi
563 1377 702 1420 esse
742 1355 914 1421 facta
926 1405 946 1440 ,
990 1350 1182 1421 cum-”²
1177 1356 1423 1421 veniret
1464 1377 1505 1433 a
1545 1359 1743 1422 marei

380 1439 745 1510 Noxissime
786 1438 958 1504 hunc
1001 1440 1083 1504 ad
1124 1460 1326 1524 usque
1368 1438 1703 1525 limpidum
1747 1442 1974 1508 lacum.

384 1523 520 1603 Sed
547 1523 718 1604 haec
797 1524 931 1588 rius
974 1524 1183 1589 fuere:
1227 1545 1403 1588 nunc
1442 1525 1772 1591 recondita

385 1607 582 1673 Senet
623 1607 768 1692 quie
801 1629 834 1671 e
879 1615 1069 1692 seque
1113 1608 1366 1672 dedicat
1406 1608 1556 1691 tibi,

384 1691 670 1758 Gemelle
716 1690 946 1757 Castor
988 1695 1055 1756 et
1093 1692 1367 1776 gemelle
1413 1690 1714 1758 Castoris.

1130 1902 1222 1982 V.

382 2029 689 2097 Vivamus
702 2079 722 2114 ‚
765 2050 910 2096 mea
950 2029 1212 2109 Lesbia,
1258 2032 1445 2116 atque
1490 2052 1805 2117 amemus,

309 2165 320 2174 .
382 2114 817 2199 Rumoresque
859 2137 1083 2178 senum
1128 2116 1513 2179 severiorum

384 2198 623 2264 Omnes
664 2198 853 2263 unius
898 2199 1307 2264 aestimemus
1351 2201 1532 2266 assiS.

388 2281 567 2347 Soles
613 2281 900 2348 occidere
945 2286 1011 2347 et
1050 2283 1257 2347 redire
1298 2288 1599 2368 possunt:

381 2365 589 2431 Nobis
632 2387 779 2431 oum
821 2367 1018 2432 semel
1060 2368 1298 2432 occidit
1338 2368 1544 2434 brevis
1589 2369 1726 2453 lux,

381 2449 533 2515 Nox
576 2453 674 2515 est
713 2454 1019 2535 perpetua
1060 2473 1190 2516 una
1234 2451 1621 2518 dormienda.

387 2533 490 2599 Da
530 2534 623 2599 mi
663 2535 843 2599 basia
883 2535 1089 2619 mille,
1135 2535 1364 2600 deinde
1408 2540 1691 2620 centum,

382 2616 554 2683 Dein
594 2618 772 2684 mille
814 2619 1041 2701 altera,
1088 2619 1238 2683 dein
1280 2620 1557 2684 secunda
1599 2624 1885 2705 centum,

382 2700 630 2767 Deinde
671 2724 871 2787 usque
915 2704 1116 2767 altera
1157 2702 1363 2787 mille,
1409 2704 1636 2770 deinde
1680 2709 1953 2772 centum.

381 2784 580 2869 Dein,
625 2808 771 2851 cum
812 2787 992 2851 milia
1033 2787 1238 2852 multa
1279 2788 1643 2873 fecerimus,

385 2870 921 2937 Conturbabimus
966 2871 1103 2954 illa,
1147 2894 1231 2935 ne
1275 2873 1547 2938 sciamus
1560 2923 1578 2955 ,

382 2955 518 3019 Aut
556 2955 783 3039 nequis
826 2955 1032 3020 malus
1073 2955 1358 3021 invidere
1400 2959 1634 3041 possit,

259 3083 260 3086 =
382 3037 546 3105 Cum
587 3041 842 3104 tantum
888 3040 1046 3104 sciet
1087 3062 1226 3104 esse
1269 3040 1610 3106 basiorum.

1106 3256 1211 3330 VI

380 3378 591 3463 Flavi,
637 3379 895 3444 delicias
939 3383 1081 3443 tuas
1128 3380 1382 3446 Catullo
1392 3430 1413 3466 ,

381 3462 445 3530 N
448 3464 508 3530 ei
551 3464 682 3529 sint
723 3464 1043 3549 inlepidae
1088 3468 1278 3549 atque
1321 3465 1718 3550 inelegantes
1731 3513 1751 3548 ,
1765 3569 1791 3616 1
1806 3562 1839 3596 ¹·

2073 692 2140 746 15

2073 1537 2141 1587 25

2075 2803 2139 2854 10
