2409 3825
324 195 335 206 ·
363 160 449 226 52
1169 162 1475 219 oATvLm
2105 157 2278 232 [ων.

493 326 718 403 Qualia
760 326 878 391 sub
921 325 1135 391 densis
1178 345 1498 389 ramorum
1541 325 1827 389 concinit
1866 324 2109 390 umbris

576 410 837 475 Daulias
882 411 1202 493 absumpti
1244 409 1378 473 fata
1416 429 1680 494 gemens
1722 407 1942 493 Itylei)
1991 446 2072 457 —

398 510 460 558 15
492 495 616 562 Sed
658 498 877 560 tamen
906 496 976 559 in
1003 494 1200 557 tantis
1229 493 1650 574 maeroribuS‚
1697 491 1945 576 ortale,
1992 493 2179 556 mitto

576 578 754 643 Haec
798 600 1096 662 expressa
1136 577 1258 641 tibi
1302 577 1583 641 carmina
1622 576 1987 660 Battiadae,

492 662 594 728 Ne
634 665 747 726 tua
789 662 960 727 dicta
999 662 1179 747 vagis
1224 661 1606 745 nequiquam
1649 660 1890 725 credita
1929 660 2139 725 ventis
2345 632 2385 746 ,J

579 746 921 811 Effluxisse
965 767 1106 811 meo
1150 746 1546 842 forte-putes
1591 745 1836 828 anim0‚
2371 732 2385 862 l

493 830 585 896 Vt
624 830 892 895 missum
935 830 1154 915 sponsi
1196 829 1431 893 furtlvo
1475 851 1736 894 munere
1777 829 2019 893 malum

395 929 464 977 20
574 915 901 979 Procurrit
942 918 1118 978 casto
1161 914 1429 998 virginis
1473 936 1507 977 e
1550 913 1795 998 gremio
1807 962 1829 996 ,

364 1063 370 1066 Δ
495 997 678 1073 Quod
718 998 986 1062 miserae
1029 998 1264 1062 oblitae
1307 997 1488 1061 molli
1532 997 1650 1061 sub
1693 1000 1867 1061 veste
1910 997 2226 1080 locatum,

581 1081 755 1146 Dum
799 1082 1072 1146 adventu
1115 1082 1336 1146 matris
1380 1081 1662 1165 prosilit,
1708 1080 2055 1145 excutitur:

494 1171 552 1230 A
627 1186 705 1229 ue
749 1165 907 1229 illud
947 1187 1153 1249 prono
1195 1186 1498 1249 praeceps
1543 1166 1754 1250 agitur
1796 1164 2095 1247 decursu,

645 1250 746 1315 uic
788 1254 1006 1314 manat
1050 1250 1220 1314 tristi
1265 1250 1557 1317 conscius
1602 1270 1711 1313 ore
1752 1249 1966 1313 rubor.

496 1588 730 1652 Omnia
771 1588 880 1672 qui
922 1588 1142 1672 magni
1185 1587 1462 1671 dispexit
1502 1588 1747 1652 lumina
1786 1586 2043 1669 mundi,

582 1672 706 1747 Qui
749 1673 1074 1737 stellarum
1119 1675 1295 1736 ortus
1340 1672 1650 1755 comperit
1690 1675 1878 1754 atque
1921 1671 2144 1735 obitus
2154 1719 2176 1755 ,

493 1756 855 1821 Flammeus
899 1759 971 1820 ut
1011 1756 1216 1839 rapidi
1259 1756 1413 1820 solis
1457 1756 1631 1820 nitor
1672 1755 2074 1837 obscuretur,

578 1839 671 1905 Vt
712 1842 940 1906 cedant
983 1841 1172 1905 certis
1218 1840 1424 1904 sidera
1463 1840 1887 1926 temporibuS,

433 1940 465 1985 5
495 1925 588 1990 Vt
628 1922 907 1989 Triviam
950 1926 1172 1990 furtim
1217 1926 1335 1990 sub
1378 1924 1628 1990 Latmia
1669 1947 1821 1990 saxa
1860 1924 2161 2010 relegans

579 2008 800 2073 Dulcis
845 2012 1039 2074 amor
1065 2032 1226 2095 gyro
1271 2011 1535 2075 devocet
1576 2009 1775 2092 aerio,

495 2092 672 2158 Idem
718 2115 820 2158 me
863 2095 974 2158 ille
1018 2092 1247 2159 Conon
1290 2094 1545 2158 caelesti
1588 2095 1659 2157 in
1700 2094 1941 2158 lumine
1984 2093 2153 2157 vidit

580 2176 636 2240 E
679 2176 1032 2243 Beroniceo
1075 2179 1309 2254 vertice
1353 2179 1693 2242 caesariem

498 2260 881 2344 Fulgentem
925 2262 1092 2326 clare
1105 2311 1122 2345 ,
1169 2284 1358 2346 quam
1402 2262 1648 2328 cunctis
1691 2263 1803 2326 illa
1845 2262 2109 2326 deorum

403 2358 466 2406 10
579 2343 770 2409 Levia
811 2346 1198 2429 protendens
1242 2346 1503 2412 brachia
1545 2347 1925 2431 pollicitast,

499 2428 640 2504 Qua
679 2451 792 2493 rex
833 2431 966 2495 tem
1012 2434 1214 2495 estate
1257 2452 1426 2496 novo
1470 2434 1691 2496 auctus
1735 2430 2089 2514 hymenaeo

581 2511 920 2579 Vastatum
960 2453 1108 2579 gnis
1151 2516 1353 2580 iverat
1392 2515 1723 2599 AssyriOS‚

496 2596 725 2662 Dulcia
765 2602 1114 2663 nocturnae
1156 2603 1419 2684 portans
1461 2600 1735 2684 vestn‘gia
1775 2599 1978 2682 rixae,

583 2683 787 2758 Quam
831 2682 908 2747 de
952 2683 1256 2767 virgineis
1300 2685 1585 2781 gesserat
1627 2683 1883 2748 exuviis.

402 2777 464 2828 15
493 2766 695 2832 Estne
736 2767 922 2832 novis
964 2768 1182 2850 nuptis
1228 2768 1372 2832 otho
1415 2767 1658 2832 venus?
1704 2789 1868 2831 anne
1905 2768 2260 2851 parentum

581 2851 994 2916 Frustrantur
1034 2852 1213 2916 falsis
1257 2852 1492 2936 gaudia
1532 2851 1876 2916 lacrimulis
1886 2900 1906 2935 ,
2377 2706 2385 2883 χ

496 2935 791 2999 Vbertim
831 2935 1102 2999 thalami
1144 2957 1299 3018 quas
1342 2938 1512 3000 intra
1552 2936 1797 3001 lumina
1836 2935 2165 3001 fundunt?
2382 2997 2384 3002 .

578 3018 761 3102 Non,
805 3020 897 3082 ita
938 3040 1042 3084 me
1087 3019 1244 3102 divi,
1289 3042 1439 3085 vera
1480 3024 1772 3118 gemunt,
1818 3020 2072 3085 inerint.
2378 3010 2385 3161 j

2375 1389 2385 1612 3

2382 1651 2385 1782 l

2377 1789 2385 1905 l

495 3101 572 3165 Id
617 3123 759 3165 mea
800 3124 902 3166 me
944 3103 1165 3167 multis
1211 3104 1428 3169 docuit
1468 3126 1691 3189 regma
1734 3103 2031 3188 querellis

396 3195 465 3240 20
576 3182 901 3248 Invisente
942 3206 1111 3250 novo
1154 3187 1397 3271 praelia
1437 3191 1620 3252 torva
1659 3188 1814 3253 viro·

494 3265 602 3324 An
643 3269 715 3328 tu
755 3288 892 3330 non
933 3269 1158 3333 orbum
1202 3271 1365 3336 luxti
1406 3272 1654 3337 deserta
1697 3271 1933 3356 cubile,

580 3342 706 3408 Sed
745 3349 961 3444 fratris
1004 3353 1135 3416 cari
1169 3353 1381 3419 flebile
1426 3355 1806 3421 discidium?

494 3421 699 3492 Quam
739 3435 994 3509 pemtus
1037 3440 1310 3501 maestas
1356 3439 1602 3505 excedit
1644 3461 1795 3505 cura
1836 3440 2189 3513 medullas!
