2409 3825
265 118 350 184 70
1069 122 1375 178 CATVLLI
2059 125 2187 198 [cn.

1149 288 1296 363 CII.

394 420 466 487 Si
508 420 845 505 quicquam
885 419 1084 485 tacito
1128 419 1581 485 conmissumst
1620 420 1748 485 fido
1795 421 1876 486 ab
1922 422 2125 487 amico
2136 470 2160 506 ,

466 504 676 600 ‘Cuius
718 505 805 568 sit
844 504 1101 601 penitus
1144 507 1300 600 nota
1340 504 1499 569 fides
1543 505 1740 569 animi
1755 555 1774 587 ,

395 589 626 672 Meque
670 610 808 653 esse
849 609 1134 652 invenies
1176 588 1434 652 lllorum
1475 590 1612 653 iure
1657 593 2006 672 sacratum,

483 672 772 756 Corneli,
817 677 882 738 et
923 672 1160 736 factum
1205 693 1309 737 me
1353 694 1492 737 esse
1525 679 1681 756 puta
1708 672 2193 757 Harpocratem.

1142 885 1322 961 CIII.

398 1020 561 1098 Aut,
607 1017 793 1083 sodes
807 1066 827 1101 ‚
870 1016 1031 1082 mihi
1073 1016 1265 1081 redde
1310 1017 1529 1082 decem
1572 1018 1893 1101 sestertia,
1940 1018 2108 1103 Silo,

484 1100 732 1166 Deinde
776 1105 913 1166 esto
956 1102 1244 1184 quamvis
1288 1122 1512 1166 saevus
1557 1105 1622 1166 et
1662 1103 2039 1168 indomitus:

399 1187 564 1268 Aut,
613 1186 667 1249 si
708 1188 774 1250 te
816 1185 1064 1249 nummi
1107 1185 1459 1267 delectant,
1505 1187 1722 1251 desine
1767 1208 2000 1272 quaeso

484 1269 661 1335 Leno
706 1291 843 1335 esse
887 1273 1087 1358 atque
1123 1269 1294 1334 idem
1338 1291 1565 1334 saevus
1608 1276 1674 1335 et
1715 1271 2084 1335 indomitus,

1121 1483 1338 1558 CIIII.

404 1614 625 1681 Credis
667 1637 770 1680 me
812 1615 1097 1699 potuisse
1139 1636 1318 1680 meae
1360 1614 1738 1682 maledicere
1780 1617 1981 1700 vitae,

487 1700 819 1764 Ambobus
860 1698 1022 1763 mihi
1062 1719 1224 1782 quae
1269 1699 1474 1764 carior
1516 1704 1614 1763 est
1658 1699 1904 1765 oculis?

399 1781 554 1848 Non
597 1784 809 1866 potui,
863 1805 981 1849 nec
1025 1782 1080 1846 si
1121 1804 1378 1867 possem
1425 1788 1557 1847 tam
1599 1783 1845 1867 perdite
1889 1806 2203 1850 amarem:

488 1866 613 1933 Sed
654 1873 726 1932 tu
761 1889 915 1933 cum
957 1866 1264 1952 Tappone
1310 1868 1523 1932 omnia
1565 1874 1855 1935 monstra
1894 1869 2074 1935 facis

1169 2082 1309 2156 CV.

401 2213 691 2279 Mentula
735 2219 998 2279 conatur
1038 2213 1332 2297 Pipleum
1377 2213 1680 2279 scandere
1721 2219 2042 2280 montem:

487 2297 708 2362 Musae
750 2298 1017 2362 furcillis
1059 2298 1472 2380 praecipitem
1517 2298 1772 2363 eiciunt.

1149 2513 1328 2588 CVI.

405 2644 570 2711 Cum
611 2665 809 2728 puero
852 2645 1023 2709 bello
1066 2666 1446 2728 praeconem
1490 2644 1598 2728 qui
1640 2644 1813 2708 videt
1854 2665 2023 2727 esse,

490 2729 655 2806 Quid
700 2729 942 2814 credat,
989 2729 1117 2793 nisi
1159 2750 1226 2793 se
1269 2728 1543 2794 vendere
1587 2727 1961 2811 discupere?

1135 2943 1350 3018 CVII.

406 3068 477 3133 Si
520 3069 629 3132 uoi
673 3067 846 3162 quid.
869 3066 1098 3149 cupido
1143 3066 1517 3150 optantique
1562 3067 1799 3163 optigit
1836 3086 2141 3161 umquam

407 3149 1218 3315 Qusssepffgdltesthgiqaffiigi
1230 3153 1567 3316 gdggffiue
1611 3171 1741 3297 est0
1752 3170 2153 3298 οξξῗιξεηὲἱπο
2162 3280 2184 3318 ,

490 3310 674 3381 Quod
714 3316 780 3374 te
823 3315 1134 3395 restituis,
1178 3314 1438 3396 Lesbia,
1483 3318 1572 3380 mi
1616 3315 1874 3400 cupide,

341 3394 376 3439 ὁ
405 3385 712 3453 Restituis
759 3395 988 3475 cupido
1032 3400 1221 3479 atque
1265 3398 1621 3481 insperanti
1663 3400 1803 3484 ipsa
1843 3401 2044 3465 refers
2086 3407 2173 3466 te.

2027 3738 2044 3741 „
2055 3736 2122 3741 ......
2127 3688 2371 3739 ‘nand—5
