2409 3825
332 180 453 245 160
1291 183 1344 242 V

495 369 661 429 quam
681 351 878 428 biiugo
906 368 1072 409 curru
1095 349 1236 409 belli
1266 359 1544 429 temptare
1578 351 1808 429 pericla.

497 444 555 494 et
585 435 809 510 biiugos
834 435 990 511 prius
1013 442 1103 493 est
1130 451 1297 511 quam
1325 433 1414 493 bis
1438 435 1787 512 coniungere
1812 434 1976 499 binos

495 526 554 577 et
580 535 745 595 quam
766 516 1060 577 falciferos
1081 525 1352 576 armatum
1374 516 1695 577 escendere
1721 536 1938 580 currus.

330 611 467 665 1300
501 600 629 660 inde
662 600 845 660 boves
867 599 1029 660 lucas
1056 601 1259 659 turrito
1282 617 1562 678 corpore,
1590 610 1800 677 tetras,

494 686 858 761 anguimanus
873 729 892 760 ,
924 682 1063 743 belli
1092 683 1407 744 docuerunt
1430 682 1664 744 volnera
1685 683 1859 745 Poeni

494 768 736 828 sufferre
760 775 819 826 et
838 784 1070 843 magnas
1095 765 1291 827 Martis
1313 767 1540 828 turbare
1573 776 1848 829 catervas.

494 853 580 911 sic
604 850 717 909 alid
740 868 817 910 ex
836 848 949 909 alio
979 851 1209 927 peperit
1239 850 1520 911 discordia
1548 852 1725 912 tristis
1741 897 1758 929 ‚

491 932 765 993 horribile
788 932 1041 993 humanis
1067 932 1219 1011 quod
1240 934 1506 1010 gentibus
1533 945 1693 995 esset
1715 937 1770 995 in
1790 937 1959 995 armis
1977 980 1997 1013 ‚

325 1027 459 1080 1305
493 1019 664 1094 inque
691 1015 813 1076 dies
837 1015 977 1076 belli
1000 1017 1314 1077 terroribus
1336 1016 1547 1077 addidit
1567 1036 1828 1095 augmen.

575 1100 939 1180 Temptarunt
968 1102 1134 1160 etiam
1163 1110 1355 1161 tauros
1383 1103 1441 1160 in
1462 1118 1733 1161 moenere
1755 1102 1894 1163 belli
1909 1147 1930 1178 ‚

489 1185 829 1263 expertique
856 1203 991 1245 sues
1021 1202 1229 1244 saevos
1252 1194 1382 1245 sunt
1401 1186 1626 1246 mittere
1655 1187 1711 1244 in
1734 1185 1934 1246 hostis.

490 1277 547 1328 et
575 1267 794 1329 validos
819 1269 1017 1347 partim
1039 1286 1174 1346 prae
1201 1287 1269 1328 se
1293 1270 1502 1328 misere
1526 1267 1728 1329 leones

490 1370 616 1412 cum
641 1351 969 1411 doctoribus
992 1353 1215 1412 armatis
1246 1353 1550 1430 saevisque
1579 1354 1860 1429 magistris
1877 1399 1894 1430 ,

323 1445 461 1499 1310
493 1437 587 1513 qui
609 1436 955 1495 moderarier
975 1435 1063 1495 his
1088 1445 1329 1515 possent
1349 1435 1669 1514 vinclisque
1694 1446 1892 1497 tenere
1910 1482 1928 1513 .‚

489 1522 861 1598 nequiquam,
889 1520 1147 1597 quoniam
1178 1521 1454 1596 permixta
1477 1520 1656 1580 caede
1686 1519 1940 1581 calentes

486 1604 783 1672 turbabant
806 1605 962 1663 saevi
984 1602 1140 1662 nullo
1171 1603 1493 1664 discrimine
1516 1612 1725 1665 turmas
1741 1649 1759 1680 ‚

489 1688 787 1765 [terrificas
818 1689 1063 1765 capitum
1085 1688 1404 1765 quatientes
1429 1686 1676 1765 undique
1702 1687 1927 1765 cristas]

485 1789 595 1830 nec
619 1780 878 1848 poterant
902 1773 1125 1848 equites
1149 1771 1377 1830 fremitu
1398 1772 1698 1849 perterrita
1728 1788 2003 1847 equorum

321 1859 455 1917 1315
487 1864 726 1934 pectora
747 1855 1002 1915 mulcere
1033 1864 1092 1915 et
1117 1853 1294 1915 frenis
1326 1862 1666 1915 convertere
1691 1856 1747 1914 in
1769 1854 1970 1916 hostis.

486 1940 704 1998 inritata
732 1937 860 1998 leae
881 1939 1162 1999 iaciebant
1185 1954 1427 2016 corpora
1457 1937 1602 1998 saltu

489 2020 734 2099 undique
751 2068 768 2098 ‚
795 2032 853 2082 et
873 2021 1174 2083 adversum
1195 2023 1555 2082 venientibus
1587 2039 1685 2082 ora
1706 2022 2013 2101 petebant,

488 2116 545 2165 et
569 2108 961 2184 necopinantis
981 2124 1014 2165 a
1035 2115 1202 2183 tergo
1228 2106 1614 2184 deripiebant,

484 2188 880 2267 deplexaeque
906 2188 1107 2250 dabant
1130 2191 1184 2247 in
1215 2199 1419 2250 terram
1442 2188 1680 2249 volnere
1702 2190 1890 2249 victos
1905 2234 1923 2265 ‚

321 2281 456 2335 1320
487 2272 767 2354 morsibus
789 2271 1006 2332 adfixae
1035 2272 1236 2333 validis
1257 2283 1428 2350 atque
1450 2273 1731 2350 unguibus
1751 2275 1933 2332 uncis.

485 2355 877 2433 iactabantque
900 2373 1037 2417 suos
1059 2358 1200 2417 tauri
1225 2356 1584 2435 pedibusque
1608 2356 1901 2432 terebant,

484 2450 543 2499 et
571 2437 745 2498 latera
771 2457 840 2498 ac
865 2451 1097 2501 ventres
1125 2440 1417 2500 hauribant
1438 2450 1638 2519 supter
1658 2456 1933 2518 equorum

486 2523 751 2583 cornibus
766 2569 784 2600 ‚
811 2533 869 2582 et
899 2532 1102 2583 terram
1124 2525 1392 2584 minitanti
1416 2523 1601 2583 fronte
1624 2524 1879 2583 ruebant.

485 2617 543 2666 et
565 2605 763 2667 validis
793 2609 988 2667 socios
1013 2607 1327 2668 caedebant
1350 2608 1612 2669 dentibus
1633 2609 1789 2687 apri,

320 2698 453 2752 1325
486 2690 601 2750 tela
623 2690 858 2750 infracta
883 2707 987 2751 suo
1011 2693 1338 2767 tinguentes
1364 2693 1637 2768 sanguine
1669 2692 1859 2767 saevi,

486 2776 565 2852 [in
585 2792 650 2833 se
674 2774 851 2834 fracta
873 2792 979 2834 suo
1001 2776 1328 2852 tinguentes
1356 2776 1632 2851 sanguine
1655 2774 1793 2852 tela]
1854 2776 1858 2781 ’

479 2859 901 2935 permixtasque
927 2857 1128 2918 dabant
1152 2860 1404 2935 equitum
1425 2857 1791 2936 peditumque
1818 2860 2039 2920 ruinas:

482 2959 607 3000 nam
633 2950 956 3001 transversa
977 2940 1134 3002 feros
1158 2942 1387 3002 exibant
1410 2940 1594 3002 dentis
1619 2942 1850 3003 adactus

483 3026 727 3084 iumenta
748 3033 841 3084 aut
863 3025 1105 3102 pedibus
1134 3034 1339 3086 ventos
1363 3034 1560 3086 erecta
1580 3025 1881 3104 petebant,

318 3110 453 3167 1330
478 3109 816 3184 nequiquam
831 3153 850 3184 ,
876 3109 1135 3186 quoniam
1157 3108 1229 3167 ab
1252 3110 1442 3168 nervis
1467 3110 1692 3169 succisa
1712 3108 1938 3169 videres

483 3190 787 3247 concidere
807 3199 977 3268 atque
1000 3193 1158 3266 gravi
1178 3201 1383 3251 terram
1407 3201 1774 3252 consternere
1797 3210 1950 3252 casu.

484 3272 532 3328 si
556 3287 699 3347 quos
727 3280 857 3331 ante
880 3273 1028 3332 domi
1054 3273 1297 3335 domitos
1318 3275 1454 3335 satis
1477 3292 1611 3334 esse
1633 3275 1934 3353 putabant,

488 3351 875 3412 effervescere
902 3357 1205 3415 cernebant
1228 3359 1284 3415 in
1310 3355 1485 3417 rebus
1505 3357 1741 3434 agundis
1757 3403 1776 3434 ,

494 3431 819 3494 volneribus
834 3479 852 3512 ,
877 3435 1122 3497 clamore
1138 3482 1155 3515 ,
1181 3438 1315 3515 fuga
1329 3482 1346 3514 ,
1372 3449 1590 3499 terrore
1609 3485 1625 3517 ,
1649 3440 1921 3519 tumultu,
