2409 3825
364 145 449 212 96
875 162 1077 208 xx111.
1147 161 1531 208 HANMBAL.
1578 158 1657 207 11.
1703 158 1785 206 12.

366 296 501 362 acie
545 294 924 377 constituta,
981 293 1354 378 priusquam
1407 294 1666 379 signum
1706 318 1797 379 pu
1890 317 1965 360 ae
2020 295 2262 378 daretur,

365 378 715 462 Hannibal,
759 383 833 443 ut
872 378 1088 476 palam
1128 378 1369 443 faceret
1410 379 1562 463 suiS,
1614 401 1741 463 quo
1813 401 1931 446 oco
1974 378 2265 445 Eumenes
2360 386 2361 419 ³

306 478 339 527 2
370 468 554 548 esset,
597 464 1003 531 tabellarium
1045 463 1116 527 in
1146 460 1385 546 scapha
1412 484 1559 527 cum
1587 463 1862 529 caduceo
1891 464 2112 529 mittit.
2176 463 2270 547 qui

366 549 480 615 ubi
536 548 619 612 ad
671 569 868 613 naves
921 546 1429 613 adversariorum
1482 547 1789 631 pervenit·
1833 548 2271 632 epistolamque

368 633 712 701 ostendens
766 653 834 696 se
885 652 1105 717 regem
1158 631 1484 715 professus
1539 638 1637 696 est
1690 652 2028 717 quaerere,
2080 633 2274 697 statim

367 717 450 783 ad
504 717 863 782 Eumenem
918 715 1226 781 deductus
1279 719 1404 798 est,
1473 715 1649 799 quod
1700 737 1890 780 nemo
1945 716 2277 797 dubitabat,

367 801 535 951 ἓξὲξ
558 798 1646 950 2322323.{{¹2z322⁵33{30‘³152”32·
1678 799 2282 969 efflessrffissoessss
2360 838 2361 841 ‘

307 982 342 1031 3
372 969 632 1052 recepit.
719 972 787 1033 at
813 968 1136 1033 Eumenes
1166 932 1680 1051 soluta’epistola
1718 967 1888 1032 nihil
1929 968 2001 1032 in
2043 990 2118 1033 ea
2155 934 2284 1051 'rep-

368 1053 567 1138 perit,
637 1052 766 1117 nisi
834 1074 997 1136 quae
1063 1052 1144 1116 ad
1211 1050 1608 1117 irridendum
1671 1072 1820 1116 eum
1881 1053 2284 1136 pertinerent.
2365 1024 2367 1181 1

370 1139 550 1201 cuius
594 1137 715 1200 etsi
756 1156 1011 1200 causam
1042 1135 1395 1200 mirabatur
1421 1157 1631 1220 neque
1659 1135 2038 1221 reperiebat,
2080 1141 2288 1203 tamen

310 1235 345 1283 4
369 1220 688 1306 proelium
730 1220 947 1284 statim
1000 1219 1401 1284 committere
1450 1242 1590 1284 non
1645 1219 1980 1286 dubitavit.
2064 1222 2290 1285 horum

369 1307 443 1371 in
485 1326 800 1371 concursu
843 1303 1136 1387 Bithynii
1178 1302 1567 1369 Hannibalis
1619 1308 1959 1401 praecepto
2015 1305 2293 1370 universi

374 1412 607 1455 navem
649 1389 960 1454 Eumenis
1003 1388 1398 1453 adoriuntur.
1487 1409 1763 1472 quorum
1813 1410 1947 1454 vlm
1996 1411 2116 1453 rex
2157 1410 2297 1474 (ΒΗ
2364 1318 2369 1479 1

371 1474 686 1539 sustinere
727 1495 865 1539 non
905 1479 1142 1557 posset,
1184 1473 1344 1558 fuga
1370 1471 1644 1537 salutem
1685 1473 1878 1556 petit:
1922 1495 2119 1557 quam
2152 1494 2293 1538 con·
2368 1512 2369 1531 ι

372 1563 628 1624 secutus
680 1579 817 1625 non
870 1562 1064 1640 esset,
1118 1556 1247 1620 nisi
1287 1557 1461 1620 intra
1502 1578 1619 1621 sua
1663 1554 1980 1640 praesidia
2022 1579 2090 1622 se
2133 1579 2295 1623 rece·

314 1658 345 1706 5
369 1644 592 1728 'pisset,
639 1664 802 1727 quae
846 1643 917 1705 in
957 1641 1251 1726 proximo
1293 1640 1483 1706 litore
1527 1645 1713 1705 erant
1753 1640 2087 1706 coHocata.
2158 1642 2296 1707 reli·
2369 1610 2371 1757 1

299 1800 304 1805 ,
376 1738 540 1812 quae
580 1726 1016 1811 Pergamenae
1071 1746 1268 1789 naves
1295 1745 1457 1815 ⁴<gum
1501 1724 1895 1790 adversarios
1937 1732 2301 1809 premerent

374 1812 614 1892 acriuS‚
664 1815 927 1894 repente
970 1810 1041 1874 in
1083 1831 1189 1873 eas
1233 1830 1387 1873 vasa
1426 1809 1669 1891 fictilia,
1713 1807 1792 1873 de
1833 1809 2068 1893 quibus
2110 1833 2302 1895 supra

373 1896 768 1961 mentionem
821 1894 1110 1977 fecimus,
1153 1893 1387 1958 coniici
1429 1897 1658 1978 coepta
1691 1896 1860 1959 sunt.
1929 1916 2094 1978 quae
2139 1895 2302 1961 iacta

373 1979 564 2045 initio
620 1979 820 2045 risum
873 1979 1315 2065 pugnantibus
1358 1978 1795 2062 concitarunt,
1848 1999 2060 2062 neque
2105 2001 2301 2063 quare

316 2079 349 2128 6
378 2063 446 2129 id
498 2065 683 2129 fieret
732 2068 989 2148 poterat
1027 2063 1339 2148 intellegi.
1438 2066 1782 2146 postquam
1834 2066 2051 2138 autem
2103 2079 2302 2129 naves

375 2171 521 2214 suas
567 2148 857 2232 oppletas
899 2150 1369 2232 conspexerunt
1396 2146 1815 2231 serpentibus,
1858 2167 2030 2212 nova
2064 2168 2136 2211 re
2165 2170 2306 2232 per-
2372 2157 2373 2164 ’

374 2233 605 2315 territi,
648 2253 812 2322 qum,
857 2231 1012 2315 quid
1051 2231 1462 2316 potissimum
1487 2231 1787 2314 vitarent,
1828 2230 2307 2326 non-viderent,

322 2412 348 2461 ι
405 2336 626 2465 2233?
667 2314 1518 2466 ggoeffinssgffioffiffiga
1540 2318 2312 2485 ffiffapssssgfflntffl

376 2482 2310 2653 {ffissffivffapffiqssifitssssuissiffi’pissfflhsseffivffiossede‘

279 2653 360 2721 12
549 2651 727 2730 Quae
772 2653 924 2718 dum
965 2652 1037 2717 in
1078 2652 1240 2716 Asia
1267 2655 1599 2738 geruntur,
1643 2651 1874 2716 accidit
1915 2672 2067 2718 casu
2111 2657 2190 2717 ut
2223 2652 2314 2718 le·

377 2739 515 2825 gati
555 2737 824 2804 Prusiae
867 2736 1111 2803 Romae
1165 2735 1337 2820 apud
1379 2735 1452 2800 Τ.
1500 2734 1835 2810 Quintium
1869 2734 2317 2803 Flamininum

377 2822 781 2888 consularem
835 2822 1165 2903 cenarent‚
1221 2825 1414 2904 atque
1457 2820 1552 2885 ibi
1594 2819 1673 2884 de
1715 2819 2081 2885 Hannibale
2130 2843 2315 2886 men-

375 2908 557 2973 tione
597 2907 773 2971 facta
813 2928 893 2971 ex
932 2905 1013 2970 iis
1055 2926 1225 2970 unus
1253 2904 1490 2969 diceret
1532 2925 1681 2969 eum
1713 2905 1785 2969 in
1810 2902 2076 2970 Prusiae
2105 2926 2314 2992 regno

316 3006 350 3054 2
380 3014 537 3060 esse.
646 2990 716 3055 id
777 2993 1036 3074 postero
1103 2988 1205 3053 die
1271 2987 1674 3054 Flamininus
1738 2988 1992 3053 senatui
2057 2989 2313 3055 detulit.

375 3082 593 3159 patres
635 3074 1014 3158 conscripti,
1070 3073 1183 3157 qui
1223 3071 1590 3137 Hannibale
1642 3072 1792 3137 vivo
1843 3094 2201 3156 numquam
2244 3097 2315 3140 se

377 3161 517 3252 sine
561 3157 811 3253 insidiis
852 3157 1620 3254 futuros-existimarent,
1674 3157 1926 3254 legatos
1968 3158 2041 3223 in
2082 3156 2314 3244 Bithy-

376 3239 1843 3397 ssffntfnffigninmiibigisgilmfriifflusscuilnm
1852 3243 2220 3393 baalbelreeffiesl
2264 3282 2315 3392 iI

320 3407 352 3453 3
382 3418 505 3478 que
550 3400 824 3468 dederet.
894 3405 998 3470 his
1026 3405 1256 3471 Prusia
1283 3429 1521 3493 negare
1567 3431 1761 3475 ausus
1802 3431 1938 3475 non
1979 3415 2107 3477 est:
2152 3412 2317 3478 illud

2196 3552 2279 3685 v
