2409 3825
346 141 428 206 10
761 216 765 221 .
857 155 933 204 11.
994 115 1738 204 rflnu1s‘rocms.4-e.

343 289 906 460 {ffss’gssfftssissss
932 290 1537 438 sessiffiisssifflaffi
1560 289 2280 439 fflfflefflssfisfflff

283 474 321 522 4
348 460 549 524 sarios
590 459 728 523 eius
770 459 843 522 in
883 424 954 522 1³21
1002 480 1040 520 a
1068 478 1234 521 esse:
1280 457 1391 554 qui
1433 458 1489 521 si
1532 424 1993 541 discessissent?
2027 459 2280 523 maiore

347 565 494 608 cum
546 543 766 607 labore
833 546 900 606 et
992 542 1420 626 onginqmore
1473 544 1762 624 tempore
1816 541 2059 606 bellum
2122 563 2281 608 con-

176 644 229 707 g
344 627 664 697 fecturum
675 677 694 710 ,
759 647 905 713 Qm
948 625 1240 713 singulos
1288 625 1644 690 consectari
1685 629 2052 711 cogeretur:
2109 647 2281 710 quos

345 713 403 776 si
442 711 664 777 statim
693 709 1164 794 aggrederetur,
1205 709 1390 774 brevi
1416 709 1751 774 universos
1795 729 2279 793 oppressurum.

345 796 472 861 hoc
516 816 591 860 eo
635 794 909 876 valebat,
952 797 1028 857 ut
1054 792 1352 877 ingratiis
1394 792 1476 856 ad
1504 791 2003 877 depugnandum
2047 815 2280 859 omnes

283 894 321 944 5
344 881 748 965 cogerentur.
834 877 956 942 hac
999 897 1070 940 re
1112 876 1332 941 audita
1372 877 1697 961 barbarus,
1740 876 1907 941 nihil
1948 875 2083 942 doli
2125 879 2283 943 sub·

349 985 487 1028 esse
530 962 810 1045 credens,
853 960 1162 1046 postridie
1217 960 1607 1026 alienissimo
1651 960 1775 1026 sibi
1816 961 1988 1044 loco,
2044 966 2288 1028 contra

347 1045 892 1131 opportunissimo
922 1045 1217 1110 hostibus
1260 1043 1419 1109 adeo
1449 1048 1726 1128 angusto
1769 1045 1931 1109 mari
1959 1045 2282 1129 conflixit,

346 1135 421 1195 ut
475 1131 613 1194 eius
664 1129 1009 1194 multitudo
1073 1129 1339 1193 navium
1399 1129 1705 1212 explicari
1765 1150 1902 1193 non
1963 1131 2281 1213 potuerit.

347 1214 552 1279 victus
581 1233 736 1298 ergo
761 1217 858 1278 est
883 1213 1088 1297 magis
1114 1213 1309 1278 etiam
1338 1213 1608 1277 consiJio
1638 1212 2283 1298 Themistocliquam

348 1298 541 1363 armis
586 1297 907 1362 Graeciae.

269 1384 317 1450 5
516 1381 643 1447 Hic
687 1382 806 1447 etsi
845 1381 1012 1446 male
1054 1401 1191 1446 rem
1235 1385 1535 1467 gesserat,
1577 1386 1796 1447 tamen
1821 1386 2034 1447 tantas
2075 1383 2282 1447 habe·

346 1467 460 1532 bat
497 1466 801 1550 reliquias
845 1466 1205 1549 copiarum,
1250 1469 1325 1530 ut
1366 1466 1561 1531 etiam
1577 1493 1584 1502 ·
1601 1469 1742 1531 tum
1783 1467 1864 1530 iis
1906 1466 2280 1550 opprimere

346 1554 566 1634 posset
605 1550 841 1615 hostes,
914 1550 1150 1614 iterum
1192 1550 1275 1613 ab
1309 1548 1534 1614 eodem
1575 1549 1777 1634 gradu
1809 1549 2105 1634 depulsus
2149 1556 2290 1635 est„

347 1657 499 1700 nam
561 1632 1021 1701 Themistocles
1085 1654 1315 1698 verens
1376 1654 1460 1699 ne
1522 1633 1761 1699 bellare
1814 1640 2281 1719 perseveraret,

348 1719 686 1783 certiorem
739 1740 885 1783 eum
938 1718 1093 1783 fecit
1144 1717 1214 1781 id
1254 1717 1391 1802 agi,
1445 1721 1522 1782 ut
1560 1739 1755 1802 pons,
1813 1739 2003 1802 quem
2044 1718 2158 1783 ille
2199 1719 2283 1785 in

345 1802 769 1886 Hellesponto
812 1802 1071 1885 fecerat,
1116 1801 1568 1867 dissolveretur
1594 1823 1670 1867 ac
1697 1801 1907 1867 reditu
1947 1803 2020 1867 in
2044 1803 2282 1869 Asiam

284 1899 322 1950 ἓ
352 1886 820 1971 excluderetur,
880 1885 1072 1971 idque
1136 1886 1198 1951 ei
1260 1886 1594 1970 persuasit.
1703 1887 1922 1971 itaque
1978 1909 2107 1973 qua
2157 1908 2282 1954 sex

348 1971 674 2036 mensibus
725 1971 850 2036 iter
889 1970 1160 2054 fecerat,
1213 1970 1441 2035 eadem
1479 1971 1694 2036 minus
1735 1971 1958 2037 diebus
1998 1972 2282 2057 triginta

348 2056 420 2120 in
447 2055 672 2120 Asiam
698 2076 989 2120 reversus
1018 2058 1116 2120 est
1143 2076 1337 2138 seque
1374 2077 1416 2119 a
1439 2054 1866 2122 Themistocle
1908 2078 2045 2122 non
2084 2078 2281 2141 supe-

288 2152 324 2202 3
352 2143 561 2205 ratum
574 2190 593 2223 ,
660 2138 772 2203 sed
825 2142 1272 2204 conservatum
1325 2137 1649 2204 iudicavit.
1757 2140 1848 2204 sic
1901 2141 2091 2205 unius
2142 2142 2280 2206 viri

348 2222 690 2306 prudentia
718 2222 986 2288 Graecia
1026 2224 1300 2288 liberata
1340 2226 1438 2288 est
1469 2222 1894 2309 Europaeque
1934 2224 2282 2290 succubuit

347 2307 525 2371 Asia.
597 2306 756 2372 haec
799 2311 898 2371 est
923 2307 1126 2372 altera
1158 2306 1447 2390 victoria,
1491 2327 1654 2391 quae
1683 2329 1830 2372 cum
1856 2307 2276 2375 Marathonio

348 2389 555 2538 possit
595 2392 952 2474 comparari
993 2396 1278 2476 tropaeo.
1350 2412 1503 2455 nam
1543 2392 1687 2475 pari
1724 2391 1917 2456 modo
1959 2392 2130 2477 apud
2156 2391 2276 2458 Sa-

374 2474 589 2539 amina
615 2496 815 2557 parvo
844 2496 1111 2540 numero
1141 2475 1406 2540 navium
1439 2475 1718 2541 maxima
1758 2481 1907 2561 post
1932 2476 2278 2545 hominum

348 2559 724 2623 memoriam
765 2560 983 2623 classis
1026 2564 1123 2625 est
1165 2558 1431 2623 devicta.

273 2642 318 2709 6
518 2642 795 2728 Magnus
822 2643 948 2708 hoc
974 2643 1144 2708 bello
1175 2642 1635 2709 Themistocles
1662 2644 1790 2710 fuit
1814 2666 2025 2729 neque
2058 2646 2277 2712 minor
2371 2705 2372 2728 ἦ

347 2729 419 2793 in
460 2749 636 2812 pace.
724 2748 869 2804 cnm
924 2728 1097 2792 enim
1137 2726 1475 2792 Phalerico
1529 2732 1724 2812 portu
1778 2750 1990 2813 neque
2029 2750 2272 2829 magno

346 2832 557 2896 neque
609 2813 784 2876 bono
839 2811 1267 2876 Athenienses
1320 2815 1683 2896 uterentur,
1755 2813 1947 2878 huius
1998 2814 2272 2881 consilio

346 2895 585 2979 triplex
635 2894 849 2960 Piraei
900 2898 1125 2979 portus
1179 2895 1565 2960 constitutus
1629 2899 1730 2961 est
1768 2896 1976 2981 iisque
2027 2901 2273 2964 moeni-

346 2980 468 3046 ‘ous
501 2978 945 3063 circumdatus,
988 2982 1064 3044 ut
1103 2980 1310 3062 ipsam
1352 2980 1579 3044 urbem
1621 2980 1933 3065 dignitate
1975 2982 2273 3067 aequipe-

284 3076 321 3124 2
348 3066 523 3128 raret
533 3113 553 3147 ,
607 3062 885 3128 utilitate
947 3067 1292 3146 superaret.
1398 3062 1570 3131 idem
1631 3085 1851 3149 muros
1917 3065 2274 3133 Athenien·

348 3147 515 3209 sium
553 3147 837 3211 restituit
876 3146 1221 3243 praecipuo
1270 3167 1387 3212 suo
1439 3148 1747 3231 periculo,
1832 3170 2111 3233 namque
2151 3151 2273 3218 La-

348 3225 740 3293 cedaemonii
784 3251 1041 3295 causam
1080 3230 1379 3295 idoneam
1427 3232 1604 3296 nacti
1654 3236 1921 3317 propter
1973 3234 2273 3304 barbaro-

346 3328 492 3370 rum
533 3314 957 3397 excursiones,
1001 3335 1129 3397 qua
1168 3319 1485 3399 negarent
1526 3336 1566 3380 o
1614 3319 1823 3382 ortere
1866 3320 2047 3383 extra
2087 3318 2274 3387 Pelo·

347 3409 707 3470 ponnesum
750 3396 949 3460 ullam
978 3399 1202 3462 urbem
1229 3419 1448 3464 muros
1475 3398 1563 3463 ha
1607 3420 1730 3485 ere,
1773 3421 1860 3467 ne
1890 3407 2104 3469 essent
2132 3406 2274 3474 loca
