2409 3825
323 167 368 231 6
733 184 746 192 ·
934 178 981 228 1.
1052 176 1456 225 ammons.
1500 171 1650 222 5-7,

324 334 463 381 non
517 318 753 395 castra,
811 312 921 377 sed
972 333 1170 377 naves
1223 312 1547 395 petierint.
1647 332 1777 394 qua
1827 332 2050 397 pugna
2087 313 2284 379 nihil

327 399 535 475 adhuc
600 397 846 463 exstitit
896 395 1210 461 nobilius:
1283 395 1465 460 nulla
1528 394 1704 459 euim
1765 416 2070 480 umquam
2125 401 2282 462 tam

327 485 559 568 exigua
599 502 830 546 manus
872 484 1086 545 tantas
1131 501 1285 563 opes
1324 480 1693 576 prostravit.

253 571 295 636 6
499 565 698 633 Cuius
728 566 1030 647 victoriae
1074 585 1212 628 non
1255 562 1535 628 ahenum
1564 563 1818 628 videtur
1891 564 2033 629 uale
2076 585 2281 648 prae-

327 646 529 717 mium
571 649 853 715 Miltiadi
893 649 981 714 sit
1019 648 1336 713 tributum
1378 645 1633 731 docere,
1691 669 1819 732 quo
1893 649 2118 713 acilius
2162 650 2281 714 in-

327 735 551 821 tellegi
604 734 812 820 possit
852 728 1120 798 eandem
1162 731 1454 797 omnium
1495 731 1830 797 civitatum
1883 753 2020 798 esse
2071 736 2281 797 natu-

265 836 300 887 2
329 841 487 885 ram.
594 821 672 883 ut
724 818 896 882 enim
960 816 1186 900 populi
1238 814 1519 881 Romani
1583 815 1865 881 honores
1933 815 2277 899 quondam

282 982 283 985 Ἴ
327 904 595 969 fuerunt
635 902 765 967 rari
820 903 887 966 et
936 903 1163 967 tenues
1219 902 1302 966 ob
1356 921 1624 984 eamque
1671 921 1929 965 causam
1969 901 2274 985 gloriosi,

228 1020 239 1025 ·
325 1008 504 1053 nunc
532 989 749 1053 autem
779 985 962 1050 effusi
993 989 1184 1068 atque
1217 985 1518 1068 obsoleti,
1554 985 1646 1049 sic
1675 984 1832 1050 olim
1803 982 2030 1133 Mlapud
2057 985 2276 1050 Athe-

269 1088 303 1138 8
329 1074 586 1138 nienses
626 1070 825 1136 fuisse
869 1070 1240 1153 reperimus.
1313 1090 1465 1134 nam
1510 1090 1591 1133 ue
1622 1068 1777 1134 huic
1881 1070 1894 1083 ⁰
1959 1070 1972 1082 '
2063 1070 2077 1083 '
2144 1071 2274 1154 qui

329 1156 621 1222 Athenas
675 1158 1007 1236 totamque
1061 1153 1398 1218 Graeciam
1449 1153 1499 1218 li
1544 1157 1753 1218 erarat
1764 1204 1784 1237 ,
1836 1152 1986 1218 talis
2047 1153 2271 1220 honos
2383 1156 2386 1207 ³·

142 1228 191 1278 V
327 1240 607 1306 tributus
650 1243 766 1323 est,
809 1238 882 1303 iu
923 1237 1211 1321 porticu,
1312 1259 1432 1302 uae
1473 1237 1732 1303 Poecile
1776 1244 2067 1321 vocatur,
2111 1258 2269 1327 Q

328 1344 552 1411 pugna
592 1323 1047 1408 depingeretur
1088 1320 1302 1387 Marat
1350 1322 1527 1404 onia,
1571 1325 1646 1385 ut
1709 1322 1780 1386 in
1823 1321 2041 1386 decem
2077 1342 2268 1406 prae·

327 1415 546 1476 torum
572 1429 840 1473 numero
871 1407 1081 1492 prima
1109 1406 1247 1472 eius
1277 1406 1492 1492 imago
1523 1409 1872 1489 poneretur
1900 1406 1955 1471 is
2001 1427 2081 1471 ue
2108 1406 2265 1471 hor·
2385 1458 2386 1461 η

267 1507 304 1556 4
331 1496 577 1560 taretur
616 1492 854 1557 milites
896 1490 1342 1588 proeliumque
1382 1490 1827 1555 committeret.
1935 1491 1960 1555 i
2004 1511 2106 1555 em
2146 1490 2266 1556 ille

328 1577 628 1662 populus,
670 1579 1090 1661 posteaquam
1130 1595 1339 1640 maius
1381 1574 1723 1659 imperium
1779 1577 1878 1638 est
1923 1578 2149 1639 nactus
2193 1580 2270 1641 et

329 1662 675 1748 largitione
718 1660 1211 1745 magistratuum
1239 1662 1577 1742 corruptus
1618 1662 1745 1742 est,
1788 1663 2105 1724 trecentas
2132 1663 2266 1724 sta-

328 1752 472 1812 tuas
499 1745 830 1811 Demetrio
866 1744 1180 1810 Phalereo
1210 1742 1508 1809 decrevit.

262 1832 335 1907 7,
505 1829 668 1897 Post
704 1831 832 1894 hoc
883 1828 1202 1914 proelium
1257 1828 1524 1895 classem
1577 1845 1722 1893 Lxx
1763 1829 2028 1894 navium
2055 1828 2264 1894 Athe-

329 1919 585 1981 nienses
649 1912 855 1979 eidem
910 1912 1191 1979 Miltiadi
1244 1912 1582 1998 dederunt,
1637 1917 1714 1979 ut
1764 1914 2038 1999 insulas,
2093 1936 2260 1998 quae
2383 1943 2384 1950 ¹

329 1999 636 2065 barbaros
690 1997 1096 2081 adimerem,
1161 1998 1337 2064 bello
1396 2002 1900 2083 persequeretur.
2003 2019 2131 2082 quo
2187 2000 2263 2066 in

231 2113 236 2117 ·
328 2083 600 2168 imperio
629 2083 966 2167 plerasque
995 2082 1078 2147 ad
1108 2082 1396 2149 officium
1423 2083 1631 2147 redire
1660 2083 1890 2169 coegit,
1912 2082 2268 2149 nonnullas

263 2183 303 2245 >2
332 2169 399 2234 vi
455 2167 867 2252 expugnavit.
955 2188 1034 2252 ex
1084 2167 1188 2231 his
1230 2167 1471 2232 Parum
1521 2167 1799 2232 insulam
1854 2167 2083 2249 opibus
2132 2167 2265 2233 ela-

329 2257 464 2318 tam
507 2273 654 2316 cum
698 2250 990 2315 oratione
1033 2251 1448 2317 reconciliare
1488 2272 1628 2317 non
1668 2256 1917 2348 posset,
1962 2251 2181 2336 copias
2226 2275 2265 2318 e

327 2335 603 2401 navibus
632 2333 870 2418 eduxit,
913 2335 1140 2400 urbem
1169 2336 1471 2419 operibus
1500 2336 1733 2401 clausit
1759 2336 2061 2419 omnique
2091 2357 2266 2401 com·
2379 2349 2382 2382 ἢ

331 2424 547 2485 meatu
600 2419 908 2503 privavit,
974 2418 1124 2484 dein
1166 2420 1373 2485 vineis
1427 2441 1503 2485 ac
1555 2419 1984 2485 testudinibus
2027 2422 2266 2486 consti-

270 2519 304 2569 8
333 2505 490 2569 tutis
532 2505 798 2588 propius
840 2525 1058 2570 muros
1106 2505 1391 2569 accessit.
1478 2524 1625 2572 cum
1666 2505 1796 2570 iam
1836 2505 1909 2569 in
1950 2525 2029 2570 eo
2074 2510 2263 2588 esset,

329 2591 405 2653 ut
448 2587 685 2672 oppido
725 2588 1072 2673 potiretur,
1114 2589 1343 2673 procul
1384 2589 1458 2653 in
1500 2589 1859 2654 continenti
1891 2588 2072 2653 lucus
2084 2639 2103 2671 ,
2148 2592 2264 2674 qui

331 2694 410 2738 ex
451 2672 665 2738 insula
706 2672 1247 2757 conspiciebatur,
1303 2673 1521 2738 nescio
1574 2694 1703 2756 quo
1747 2695 1897 2738 casu
1939 2677 2263 2758 nocturno
2377 2685 2383 2742 1

328 2760 618 2840 tempore
646 2758 945 2821 incensus
989 2760 1104 2821 est.
1185 2758 1369 2822 cuius
1396 2756 1655 2822 flamma
1695 2760 1771 2822 ut
1810 2757 1891 2823 ab
1922 2757 2264 2841 oppidanis
2377 2765 2383 2804 1

332 2845 400 2907 et
441 2841 996 2938 oppugnatoribus
1025 2844 1122 2938 est
1148 2841 1307 2939 uisa,
1350 2841 1512 2939 utris
1557 2862 1639 2906 ue
1678 2840 1858 2906 venit
1898 2842 1971 2905 in
2012 2843 2266 2926 opinio·

270 2937 305 2986 ⁴
330 2944 674 3075 2325&
652 2924 1267 3106 33112253333331150
1292 2929 1780 3075 Ἆθέἒηθηῗιῗὲ
1822 2925 2268 3096 οὲῑίἓῑῖἒὲἓῖἒ

328 3093 563 3158 timens
605 3113 691 3158 ne
734 3092 954 3158 classls
995 3113 1171 3174 regia
1197 3093 1590 3178 adventaret,
1633 3094 1912 3159 incensis
1941 3095 2269 3180 operibus,

374 3194 494 3238 uae
537 3179 866 3259 statuerat,
911 3197 1058 3242 cum
1085 3175 1357 3242 totidem
1384 3177 1678 3261 navibus,
1722 3182 1917 3263 atque
1951 3183 2093 3245 erat
2120 3203 2272 3265 pro·

362 3258 558 3350 ectus,
589 3258 882 3323 Athenas
909 3280 1145 3342 magna
1171 3281 1319 3325 cum
1350 3261 1704 3327 offensione
1734 3262 1973 3327 civium
2002 3285 2272 3331 suorum
2365 3263 2378 3328 4

275 3346 306 3392 5
336 3335 584 3401 rediret.
682 3346 1014 3407 accusatus
1067 3364 1217 3426 ergo
1262 3349 1360 3409 est
1400 3343 1813 3430 proditionis,
1859 3347 2034 3430 quod
2043 3397 2063 3431 ,
2121 3371 2276 3434 Q

334 3415 571 3481 Parum
625 3442 990 3507 expugnare
1034 3431 1283 3513 posset,
1347 3449 1389 3494 a
1428 3449 1575 3511 rege
1629 3434 1965 3513 corruptus
2006 3431 2273 3500 infectis
