2409 3825
185 142 265 205 32
711 132 716 145 ’
1157 139 1212 201 Π

355 309 691 397 praesertim
717 325 842 366 eum
863 316 1175 385 tempestas
1199 307 1416 368 adridet
1441 318 1499 368 et
1522 310 1648 367 anni

356 404 613 472 tempora
638 382 1026 472 conspergunt
1050 392 1340 451 viridantis
1368 391 1600 451 floribus
1625 390 1874 452 herbas

354 495 466 537 nec
494 474 706 535 calidae
734 476 897 534 citius
923 475 1208 535 decedunt
1234 493 1477 554 corpore
1502 476 1728 552 febreS,

261 571 329 624 35
357 552 651 622 textilibus
676 561 723 619 si
748 561 802 617 in
826 561 1060 638 picturis
1086 569 1358 637 ostroque
1382 560 1604 620 rubenti

361 646 590 705 iactet-is
608 661 816 723 ,quam
839 645 887 702 si
910 644 965 703 in
988 643 1219 722 plebeia
1242 653 1406 703 veste
1433 643 1746 704 cubandum
1768 652 1875 703 est.

361 737 711 808 quapropter
735 729 995 805 quoniam
1017 728 1097 787 nil
1122 738 1320 788 nostro
1346 730 1401 786 in
1425 746 1670 807 corpore
1691 746 1866 805 gazae

362 814 662 893 proficiunt
688 830 875 889 neque
899 811 1162 873 nobilitas
1186 832 1296 872 nec
1323 812 1506 889 gloria
1527 814 1724 890 regni,

365 896 516 978 quod
539 907 840 975 superest,
866 898 1046 955 animo
1073 915 1300 976 quoque
1326 896 1401 956 nil
1426 896 1707 975 prodesse
1732 893 2080 974 putandum;

266 991 335 1046 40
365 986 547 1042 sinon
571 979 719 1040 forte
743 990 866 1040 tuas
890 979 1153 1058 legiones
1178 999 1284 1059 per
1306 981 1436 1040 loca
1463 983 1642 1058 campi

363 1066 592 1126 fervere
619 1083 744 1124 cum
766 1062 959 1124 videas
978 1111 993 1142 ,
1020 1065 1159 1125 belli
1182 1066 1479 1125 simulacra
1505 1067 1706 1124 cientis
1724 1110 1741 1141 ,

365 1149 631 1210 subsidiis
654 1151 868 1226 magnis
892 1149 1121 1210 hastatis
1149 1149 1540 1211 constabilitas
1557 1194 1574 1226 ,

369 1243 590 1295 ornatas
615 1236 780 1294 armis
803 1235 1015 1311 pariter
1032 1237 1360 1313 pariterque
1388 1235 1650 1293 animatas
1668 1277 1685 1308 ,

365 1319 594 1378 fervere
624 1337 749 1378 cum
772 1317 968 1377 videas
995 1317 1240 1379 classem
1262 1318 1493 1396 lateque
1520 1317 1712 1392 vagari
1731 1361 1747 1391 ,

365 1403 453 1462 his
477 1403 576 1462 tibi
599 1413 714 1461 tum
736 1401 908 1462 rebus
932 1401 1253 1462 timefactae
1278 1402 1589 1479 religiones

263 1498 330 1548 45
363 1488 637 1564 effugiunt
655 1488 840 1546 *animo
863 1486 1067 1564 pavide
1085 1531 1100 1562 ,
1138 1488 1451 1565 mortisque
1473 1488 1705 1546 timores

365 1583 480 1631 tum
501 1589 740 1631 vacuum
764 1579 967 1649 pectus
993 1569 1208 1630 lincunt
1233 1589 1480 1649 curaque
1504 1570 1765 1631 solutum.

370 1656 521 1735 quod
545 1656 591 1715 si
615 1654 849 1713 ridicula
871 1654 1016 1714 haec
1039 1654 1393 1732 ludibriaque
1420 1673 1555 1714 esse
1579 1652 1833 1713 videmus
1851 1694 1866 1725 ,

362 1759 426 1800 re
447 1757 699 1818 veraque
723 1748 905 1798 metus
929 1739 1212 1798 hominum
1239 1757 1522 1818 curaeque
1547 1752 1827 1816 sequaces

364 1842 474 1883 nec
496 1831 748 1883 metuunt
775 1824 992 1883 sonitus
1022 1840 1299 1882 armorum
1321 1840 1430 1882 nec
1455 1823 1576 1881 fera
1597 1820 1711 1881 tela
1726 1864 1743 1895 ,

268 1917 339 1971 50
365 1906 748 1986 audacterque
771 1908 918 1967 inter
940 1926 1112 1985 reges
1135 1926 1439 1985 rerumque
1463 1906 1711 1986 potentis

365 2001 694 2069 versantur,
720 2011 907 2071 neque
932 1991 1218 2070 fulgorem
1239 2001 1576 2051 reverentur
1596 1992 1666 2051 ab
1690 2004 1825 2048 auro

365 2096 476 2137 nec
501 2075 712 2136 clarum
734 2078 915 2136 vestis
940 2076 1311 2155 splendorem
1333 2078 1673 2178 purpureai,

367 2161 500 2240 quid
531 2160 751 2220 dubitas
776 2163 909 2238 quin
934 2162 1099 2221 omni’
1125 2163 1197 2220 sit
1222 2154 1390 2220 haec‘
1386 2161 1601 2219 rationi‘
1626 2122 1928 2239 potestas?

365 2247 545 2305 omnis
575 2264 700 2304 cum
726 2247 781 2303 in
805 2244 1058 2304 tenebris
1081 2247 1420 2323 praesertim
1442 2246 1555 2305 vita
1579 2242 1831 2304 laboret:

265 2341 332 2392 55
364 2348 488 2390 nam
510 2328 686 2388 veluti
710 2330 871 2407 pueri
893 2329 1173 2408 trepidant
1197 2337 1367 2407 atque
1392 2329 1573 2387 omnia
1597 2328 1784 2387 caecis

363 2416 417 2473 in
440 2414 694 2474 tenebris
717 2422 1000 2490 metuunt,
1027 2416 1113 2473 sic
1140 2431 1247 2473 nos
1270 2415 1325 2472 in
1347 2412 1477 2472 luce
1501 2412 1757 2471 timemus

363 2497 672 2574 interdum,
698 2497 814 2556 nilo
841 2516 982 2575 quae
1007 2506 1137 2557 sunt
1157 2496 1458 2557 metuenda
1482 2496 1659 2572 magis
1685 2508 1846 2572 quam

366 2600 510 2661 quae
533 2582 694 2661 pueri
718 2583 772 2640 in
796 2582 1050 2643 tenebris
1074 2584 1321 2661 pavitant
1346 2581 1673 2659 linguntque
1698 2578 1898 2638 futura.

363 2666 513 2726 hunc
534 2667 705 2744 igitur
727 2674 1002 2726 terrorem
1024 2667 1188 2725 animi
1212 2658 1595 2743 tenebrasque
1619 2666 1923 2723 necessest

268 2760 337 2813 60
369 2767 480 2810 non
504 2750 639 2810 radii
663 2749 803 2810 solis
825 2768 1011 2828 neque
1036 2748 1221 2808 lucida
1242 2747 1358 2808 tela
1380 2749 1492 2808 diei

364 2834 695 2911 discutiant,
724 2833 828 2893 sed
850 2843 1080 2894 naturae
1103 2834 1336 2911 species
1361 2833 1636 2910 ratioque.

447 2916 610 2976 Nunc
633 2936 742 2995 age
759 2964 775 2994 ,
805 2936 917 2997 quo
940 2927 1094 2994 motu
1117 2914 1383 2994 genitalia
1406 2915 1654 2975 materiai

244 3067 253 3071 ,
365 3019 606 3081 corpora
627 3020 722 3061 res
745 3005 927 3062 varias
950 3004 1181 3079 gignant
1201 3000 1542 3079 genitasque
1562 2997 1888 3073 resolvant,

264 3143 271 3148 .
365 3096 422 3146 et
448 3103 555 3163 qua
576 3087 632 3144 vi
657 3085 851 3146 facere
873 3087 930 3145 id
956 3094 1263 3164 cogantur,
1290 3102 1552 3164 quaeque
1576 3085 1648 3143 sit
1673 3081 1804 3143 ollis

269 3179 336 3230 65
364 3170 583 3228 reddita
604 3168 887 3229 mobilitas
910 3188 1170 3248 magnum
1195 3186 1302 3248 per
1324 3172 1488 3229 inane
1510 3168 1765 3239 meandi,

363 3251 689 3330 expediam:
713 3260 853 3312 tute
877 3253 1043 3314 dietis
1065 3253 1347 3332 praebere
1370 3260 1655 3312 memento

360 3352 485 3393 nam
510 3343 669 3393 certe
693 3352 806 3393 non
827 3336 974 3395 inter
997 3355 1063 3396 se
1087 3338 1290 3416 stipata
1316 3336 1585 3397 cohaeret

362 3418 625 3476 materies
648 3463 664 3493 ,
692 3419 949 3494 quoniam
971 3422 1139 3479 minui
1163 3438 1283 3479 rem
1307 3438 1588 3499 quamque
1611 3418 1865 3479 videmus
1882 3460 1900 3494 ,
