2409 3825
1182 177 1318 261 11-

368 367 490 417 tum
511 373 689 434 porro
715 372 1106 435 quaecumque
1130 355 1248 432 igni
1281 353 1553 415 flammata
1583 367 1933 435 cremantur,

374 442 424 501 si
449 439 527 498 nil
554 449 890 519 praeterea,
915 446 1101 501 tamen
1122 438 1268 499 haec
1297 439 1350 497 in
1378 455 1621 516 corpore
1648 439 1911 518 cludunt,

234 533 346 589 675
370 522 520 583 unde
546 526 741 601 ignem
771 524 961 582 iacere
987 532 1044 581 et
1066 521 1253 583 lumen
1278 523 1626 582 summittere
1651 527 1873 603 possint

374 607 772 685 scintillasque
794 624 969 683 agere
994 624 1061 665 ac
1083 605 1196 665 late
1221 605 1447 666 differre
1472 605 1736 667 favillam.

377 701 571 753 cetera
597 689 875 752 consimili
898 691 1101 750 mentis
1125 691 1342 749 ratione
1366 706 1677 769 peragrans

372 775 632 835 invenies
653 774 825 852 igitur
846 772 1140 837 multarum
1161 775 1374 834 semina
1401 792 1589 833 rerum

312 902 323 905 ι
377 876 626 939 corpore
652 857 844 918 celare
869 866 926 918 et
948 859 1131 918 varias
1158 856 1430 917 cohibere
1455 857 1681 936 figuras.

238 953 351 1009 680
377 944 624 1021 denique
650 940 822 1001 multa
843 941 1008 1001 vides
1026 987 1043 1018 ,
1074 942 1278 1020 quibus
1305 951 1362 1001 et
1387 941 1549 1001 color
1574 953 1632 1003 et
1655 960 1828 1022 sapor
1851 963 1958 1004 una

371 1026 590 1087 reddita
614 1034 744 1086 sunt
774 1044 902 1085 cum
929 1026 1104 1085 odore
1123 1071 1140 1103 ,
1162 1027 1218 1084 in
1240 1026 1431 1104 primis
1459 1024 1731 1106 pleraque
1758 1027 1901 1090 dona

371 1194 516 1255 haec
539 1195 710 1272 igitur
732 1193 900 1253 variis
928 1193 1138 1253 debent
1170 1201 1433 1253 constare
1457 1193 1682 1271 liguris:

369 1279 535 1338 nidor
556 1281 705 1341 enim
727 1286 990 1356 penetrat
1013 1295 1122 1356 qua
1150 1277 1316 1337 fucus
1340 1295 1452 1337 non
1481 1279 1521 1338 it
1550 1279 1604 1337 in
1628 1289 1779 1339 artus
1797 1324 1816 1357 ‚

370 1363 537 1423 fucus
561 1364 698 1422 item
719 1378 976 1438 sorsum,
1002 1380 1225 1422 sorsum
1256 1379 1428 1440 sapor
1453 1363 1762 1422 insinuatur

236 1457 346 1512 685
376 1447 674 1515 sensibus;
698 1456 758 1505 ut
785 1463 993 1505 noscas
1018 1446 1194 1525 privis
1221 1445 1419 1505 dill'erc
1445 1446 1656 1523 figuris.

372 1530 676 1592 dissimiles
701 1529 871 1607 igitur
893 1528 1108 1589 formae
1131 1527 1517 1606 glomeramen
1538 1532 1594 1589 in
1618 1549 1783 1588 unum

373 1616 751 1690 conveniunt,
780 1624 838 1673 et
861 1631 957 1673 res
987 1615 1269 1692 permixto
1292 1616 1509 1674 semine
1536 1623 1814 1674 constant.

372 1701 506 1778 quin
530 1701 697 1758 etiam
721 1700 934 1777 passim
955 1699 1163 1758 nostris
1192 1699 1249 1756 in
1273 1697 1535 1756 versibus
1560 1698 1701 1775 ipsis

369 1783 541 1842 multa
568 1781 852 1842 elementa
874 1780 1037 1842 vides
1067 1780 1256 1841 multis
1284 1781 1594 1840 communia
1617 1781 1809 1841 verbis
1826 1828 1844 1860 ‚

234 1875 344 1932 690
373 1885 500 1927 oum
521 1875 709 1927 tamen
736 1866 884 1926 inter
908 1885 977 1926 se
1003 1883 1209 1927 versus
1230 1882 1297 1925 ac
1325 1865 1503 1925 verba
1530 1883 1779 1926 necesse
1809 1874 1900 1927 est

372 1951 680 2011 confiteare
702 1949 810 2011 alia
832 1969 908 2009 ex
938 1949 1062 2010 aliis
1089 1959 1352 2010 constare
1378 1948 1706 2018 elementis:

368 2053 481 2096 non
507 2051 621 2113 quo
642 2032 816 2094 multa
837 2052 1034 2113 parum
1058 2036 1367 2094 communis
1397 2033 1582 2094 littera
1607 2044 1792 2094 currat

367 2130 460 2179 aut
487 2119 624 2179 nulli
650 2120 796 2180 inter
816 2137 883 2178 se
911 2117 1021 2178 duo
1045 2120 1156 2178 sint
1178 2136 1256 2178 ex
1280 2119 1535 2178 omnibus
1557 2119 1707 2178 idem
1723 2164 1740 2194 ,

367 2204 473 2263 sed
498 2205 626 2282 quia
650 2221 761 2262 non
788 2201 964 2280 volgo
988 2204 1143 2281 paria
1171 2202 1428 2262 omnibus
1452 2204 1633 2262 omnia
1666 2210 1944 2263 constent.

230 2296 338 2351 695
368 2290 455 2348 sic
474 2287 597 2347 aliis
623 2288 679 2346 in
703 2287 876 2346 rebus
899 2288 1034 2345 item
1063 2287 1374 2346 communia
1397 2285 1570 2346 multa

363 2370 659 2431 multarum
681 2388 869 2431 rerum
898 2388 1026 2431 cum
1050 2371 1158 2430 sint
1181 2370 1482 2448 primordia
1498 2415 1515 2447 ‚
1545 2389 1742 2429 verum

366 2454 622 2516 dissimili
649 2464 835 2516 tamen
857 2456 1006 2514 inter
1028 2473 1092 2513 se
1125 2452 1442 2515 consistere
1467 2473 1679 2514 summa

364 2548 636 2617 possunt;
665 2548 725 2598 ut
753 2539 956 2598 merito
981 2556 1056 2597 ex
1083 2536 1208 2598 aliis
1232 2547 1497 2598 constare
1524 2538 1738 2598 feratur

362 2622 658 2682 humanum
682 2641 864 2700 genus
891 2631 949 2682 et
977 2621 1172 2699 fruges
1197 2622 1537 2700 arbustaque
1561 2621 1725 2682 laeta.

236 2713 344 2768 700
448 2705 575 2767 Nec
603 2716 786 2767 tamen
811 2707 1143 2766 omnimodis
1174 2707 1399 2765 conecti
1424 2723 1601 2784 posse
1624 2704 1927 2784 putandum
1954 2713 2048 2765 est

363 2792 573 2850 omnia:
604 2809 730 2850 nam
752 2789 929 2868 volgo
953 2789 1074 2848 lieri
1101 2798 1363 2868 portenta
1384 2789 1614 2848 videres
1631 2835 1650 2866 ‚

363 2873 658 2934 semiferas
685 2872 966 2933 hominum
992 2876 1224 2953 species
1249 2875 1500 2933 existere
1517 2919 1535 2951 ,
1565 2883 1622 2932 et
1641 2872 1787 2933 altos

359 2957 641 3018 interdum
658 2975 843 3018 ramos
867 2959 1063 3035 egigni
1086 2975 1331 3036 corpore
1360 2959 1493 3016 vivo
1510 3003 1527 3034 ,

361 3041 649 3120 multaque
675 3044 900 3102 conecti
925 3044 1219 3106 terrestria
1240 3042 1487 3100 membra
1512 3044 1733 3101 marinis
1751 3088 1769 3118 ,

234 3131 339 3187 705
364 3136 479 3185 tum
510 3125 781 3188 flammam
809 3135 991 3186 taetro
1022 3127 1287 3205 spirantis
1312 3143 1412 3184 ore
1438 3123 1762 3185 Chimaeras

359 3226 604 3288 pascere
632 3219 881 3270 naturam
907 3227 1012 3288 per
1039 3218 1221 3270 terras
1249 3210 1666 3287 omniparentis.

362 3311 599 3371 quorum
627 3293 704 3353 nil
733 3293 854 3353 fieri
877 3293 1234 3354 manifestum
1264 3302 1389 3368 est,
1416 3296 1598 3352 omnia
1624 3292 1845 3371 quando

358 3378 668 3437 seminibus
693 3378 867 3437 certis
893 3386 1047 3436 certa
1075 3377 1372 3454 genetrice
1400 3386 1589 3435 creata

359 3478 704 3522 conservare
729 3478 912 3538 genus
942 3461 1259 3519 crescentia
1283 3475 1460 3536 posse
1482 3459 1757 3517 videmus.

278 3548 588 3603 Luc-mins.
1845 3535 1888 3590 4

2134 189 2226 253 49
