2409 3825
304 219 427 281 124
831 168 834 169 f
1069 259 1149 286 ,.
1265 216 1337 276 ιν

471 389 594 446 sive
617 388 796 445 virum
820 384 1057 445 suboles
1084 387 1264 444 sivest
1288 382 1577 445 muliebris
1608 387 1790 464 origo.

305 478 439 532 1225
554 467 679 530 Nec
704 469 887 529 divina
916 478 1097 528 satum
1127 467 1433 545 genitalem
1461 470 1682 529 numina
1713 472 1974 549 cuiquam

471 555 823 631 absterrent,
853 562 1015 632 pater
1036 570 1068 611 a
1090 553 1275 628 gnatis
1302 568 1373 610 ne
1398 550 1658 613 dulcibus
1683 571 1941 632 umquam

470 636 793 716 appelletur
815 646 873 696 et
898 644 957 695 ut
979 633 1159 696 sterili
1180 633 1411 694 Venere
1443 637 1632 713 exigat
1659 655 1889 703 aevom:

472 721 623 800 quod
646 720 981 800 plerumque
1005 727 1237 798 putant,
1268 726 1326 778 et
1352 716 1530 778 multo
1552 723 1825 797 sanguine
1849 720 2053 780 maesti

473 812 862 882 conspergunt
884 821 1007 862 aras
1034 802 1379 881 adolentque
1407 801 1598 862 altaria
1623 803 1784 864 donis
1803 849 1822 882 ‚

304 897 442 951 1230
470 898 531 947 ut
559 887 821 965 gravidas
844 886 1078 946 reddant
1100 903 1311 946 uxores
1335 887 1551 946 semine
1574 886 1736 965 largo
1753 933 1771 964 ‚

471 971 842 1049 nequiquam,
875 969 1061 1030 divom
1084 987 1291 1029 numen
1314 971 1602 1049 sortisque
1626 970 1877 1048 fatigant.

472 1072 597 1113 nam
620 1052 849 1115 steriles
870 1055 1094 1113 nimium
1118 1070 1316 1113 crasso
1340 1064 1471 1113 sunt
1502 1056 1719 1114 semine
1740 1056 1935 1133 partim
1952 1099 1971 1131 ,

474 1148 533 1198 et
557 1137 771 1216 liquido
795 1147 1024 1216 praeter
1044 1139 1251 1198 iustum
1273 1139 1546 1216 tenuique
1569 1139 1840 1199 vicissim.

473 1232 646 1282 tenve
670 1220 816 1282 loeis
841 1222 970 1301 quia
993 1239 1104 1281 non
1127 1222 1279 1300 potis
1304 1230 1395 1280 est
1420 1220 1672 1298 adfigere
1699 1220 2042 1300 adhaesum,

306 1315 442 1369 1235
471 1304 702 1385 liquitur
724 1303 1014 1384 extemplo
1035 1315 1093 1365 et
1114 1314 1444 1365 revocatum
1472 1303 1623 1364 cedit
1647 1305 1863 1365 abortu.

475 1391 723 1450 crassius
745 1387 834 1450 his
857 1407 1031 1468 porro
1056 1389 1318 1468 quoniam
1343 1388 1670 1448 concretius
1696 1406 1880 1467 aequo

474 1475 742 1552 mittitur,
774 1484 867 1533 aut
888 1491 1003 1533 non
1024 1476 1134 1533 tani
1156 1470 1384 1551 prolixo
1409 1471 1672 1551 provolat
1694 1474 1811 1532 ictu

443 1608 448 1609 ff
474 1566 568 1618 aut
589 1568 889 1636 penetrare
917 1557 1082 1618 locos
1107 1574 1292 1636 aeque
1317 1556 1516 1635 nequit
1541 1564 1635 1615 aut
1657 1565 2013 1634 penetratum

474 1659 647 1719 aegre
672 1641 1014 1701 admiscetur
1034 1640 1295 1701 muliebri
1324 1641 1542 1700 semine
1565 1655 1781 1699 semen.

309 1734 445 1789 1240
473 1743 599 1785 nam
617 1723 849 1785 multum
872 1724 1192 1785 harmoniae
1215 1722 1463 1784 Veneris
1494 1722 1722 1782 differre
1746 1721 2027 1783 videntur.

474 1818 647 1888 atque
674 1806 812 1869 alias
835 1807 928 1867 alii
956 1806 1245 1887 complent
1274 1807 1452 1884 magis
1471 1853 1488 1884 ‚
1517 1824 1591 1866 ex
1611 1805 1851 1885 aliisque

476 1894 798 1972 succipiunt
820 1891 963 1952 aliae
990 1890 1213 1970 pondus
1235 1893 1415 1969 magis
1438 1892 1611 1970 inque
1636 1900 2003 1969 gravescunt.

477 1987 535 2037 et
559 1976 768 2036 multae
793 1975 1024 2036 steriles
1048 1976 1388 2051 Hymenaeis
1416 1985 1545 2035 ante
1570 1974 1797 2034 fuerunt

477 2059 734 2140 pluribus
752 2106 769 2137 ,
805 2068 863 2120 et
885 2069 1086 2119 nactae
1109 2070 1245 2139 post
1268 2068 1397 2119 sunt
1421 2069 1607 2118 tamen
1638 2058 1784 2117 unde
1810 2056 2044 2137 puellos

244 2199 253 2205 .
309 2154 446 2207 1245
460 2137 776 2223 suscipere
800 2154 858 2204 et
884 2154 1045 2222 partu
1070 2151 1311 2222 possent
1335 2142 1623 2203 ditescere
1649 2140 1818 2203 dulci.

479 2238 537 2289 et
561 2229 764 2307 quibus
785 2237 913 2288 ante
943 2227 1092 2287 domi
1115 2226 1394 2286 fecundae
1417 2243 1596 2305 saepe
1616 2227 1951 2304 nequissent

478 2330 689 2372 uxores
718 2330 953 2390 parere,
979 2314 1263 2371 inventast
1286 2308 1400 2371 illis
1425 2328 1654 2389 quoque
1683 2326 1913 2388 compar

478 2405 676 2455 natura
693 2442 710 2472 ,
736 2405 795 2455 ut
818 2406 1058 2474 possent
1083 2397 1270 2472 gnatis
1299 2396 1516 2453 munire
1538 2403 1850 2453 senectam.

477 2498 666 2558 usque
694 2480 838 2538 adeo
870 2480 1054 2556 magni
1078 2477 1258 2538 refert
1275 2523 1292 2555 ,
1317 2485 1377 2536 ut
1406 2478 1620 2538 semina
1642 2478 1865 2555 possint

313 2572 447 2623 1250
478 2562 785 2625 seminibus
811 2562 1167 2621 commisceri
1199 2559 1525 2639 genitaliter
1545 2570 1706 2640 apta,

480 2664 785 2727 crassaque
810 2648 1146 2706 conveniant
1172 2644 1398 2724 liquidis
1424 2654 1483 2705 et
1507 2644 1715 2725 liquida
1747 2643 1975 2704 crassis.

480 2742 651 2810 atque
673 2732 728 2789 in
754 2748 826 2789 eo
851 2727 1029 2790 refert
1054 2746 1167 2807 quo
1188 2730 1345 2787 victu
1368 2730 1483 2788 vita
1513 2728 1762 2789 colatur:

478 2832 717 2892 namque
740 2813 863 2874 aliis
893 2813 1066 2874 rebus
1093 2822 1475 2872 concrescunt
1497 2814 1710 2872 semina
1732 2810 2000 2871 membris
2018 2856 2038 2887 ‚

480 2908 648 2976 atque
672 2896 796 2958 aliis
822 2906 1197 2958 extenvantur
1219 2896 1528 2975 tabentque
1551 2896 1820 2955 vicissim.

308 2990 446 3043 1255
477 2992 536 3041 et
564 2982 768 3060 quibus
792 2982 916 3060 ipsa
938 2980 1119 3041 modis
1148 2989 1425 3040 tractetur
1446 2979 1646 3039 blanda
1667 2978 1932 3057 voluptas
1950 3025 1967 3054 ‚

474 3065 532 3125 id
559 3083 789 3144 quoque
809 3066 1102 3145 permagni
1120 3064 1329 3123 refert:
1352 3082 1476 3122 nam
1499 3080 1657 3123 more
1681 3063 1927 3123 ferarum

478 3147 1015 3229 quadrupedumque
1040 3150 1218 3225 magis
1242 3150 1351 3207 ritu
1380 3145 1715 3227 plerumque
1742 3154 2009 3226 putantur

479 3233 791 3310 concipere
817 3251 1028 3293 uxores
1046 3280 1064 3311 ‚
1099 3234 1229 3310 quia
1251 3232 1336 3291 sic
1359 3230 1489 3292 loca
1508 3249 1734 3291 sumere
1758 3237 2036 3309 possunt,

476 3315 810 3392 pectoribus
835 3315 1037 3394 positis
1055 3361 1073 3392 ‚
1100 3314 1340 3375 sublatis
1364 3314 1822 3374 semina‘lumbis.

310 3408 446 3461 1260
473 3416 585 3457 nec
610 3396 817 3457 molles
845 3400 975 3475 opu'
1000 3407 1130 3458 sunt
1150 3407 1336 3458 motus
1360 3398 1633 3457 uxoribus
1657 3396 1848 3456 hilum.

480 3498 605 3539 nam
629 3479 832 3538 mulier
853 3480 1120 3558 prohibet
1150 3500 1216 3540 se
1243 3482 1550 3558 concipere
1575 3490 1745 3559 atque
1768 3487 2088 3558 repugnat,
