2409 3825
894 153 1141 202 sunu
1186 155 1281 201 vl.
2030 144 2105 204 19

119 296 459 372 Progenies
506 291 754 360 terrae?
785 326 868 336 —-
911 290 1143 365 Quaere
1182 301 1259 351 ex
1300 310 1427 368 me,
1475 293 1602 371 quis
1646 292 1781 352 mihi
1828 303 2063 373 quartus

120 379 217 439 Sit
254 387 458 456 pater:
496 377 644 436 haud
680 384 980 454 prompte,
1023 374 1208 435 dicam
1250 385 1465 443 tamem
1515 376 1664 440 adde
1702 377 1872 437 etiam
1915 397 2102 454 unum,

118 461 321 521 Unum
373 463 575 520 etiam:
624 469 818 518 terrae
864 466 959 518 est
1003 460 1115 517 iam
1159 457 1343 534 iilius,
1397 468 1455 518 et
1500 458 1641 517 mihi
1689 460 1799 518 ritu

119 543 359 603 Manius
404 543 499 603 hic
545 543 781 619 generis
824 558 1013 619 prope
1054 541 1237 601 maior
1284 541 1600 602 avunculus
1644 544 1809 600 exit..
2036 553 2106 606 60

123 626 251 699 Qui
297 627 461 704 prior
510 645 608 700 es,
661 642 764 684 cur
805 643 898 684 me
951 626 1008 683 in
1053 624 1305 684 decursu
1349 624 1614 702 lampada
1658 622 1915 702 poscas?

123 710 274 768 Sum
318 709 422 768 tibi
464 708 816 775 Mercurius;
862 709 1034 766 venio
1083 707 1226 766 deus
1270 707 1384 766 huc
1430 724 1543 784 ego
1591 716 1653 766 ut
1695 707 1796 767 ille

124 791 426 868 Pingitur;
473 810 545 851 an
588 787 828 850 renuis?
875 790 989 850 vin’
1038 800 1098 850 tu
1144 791 1404 870 gaudere
1451 788 1715 850 relictis?

126 874 325 934 Deest
371 874 586 953 aliquid
631 891 912 933 summae:
958 876 1129 932 minui
1171 874 1338 941 mihi;
1397 873 1502 932 sed
1554 874 1656 933 tibi
1707 882 1886 934 totum
1934 883 2043 949 est,

126 956 427 1035 Quidquid
460 958 516 1018 id
557 966 667 1017 est.
718 955 830 1017 Ubi
867 957 973 1032 sit,
1025 957 1163 1034 fuge
1196 956 1708 1035 quaerere,·quod
1743 957 1874 1016 mihi
1923 974 2100 1035 quon-

1166 1071 1177 1078 ·
1254 1040 1383 1101 da'm
2026 1051 2095 1104 65

125 1123 383 1199 Legarat
424 1122 665 1199 Tadius,
714 1139 825 1182 neu
878 1122 1030 1182 dicta
1075 1140 1299 1201 repone
1345 1133 1617 1201 paterna:

125 1204 379 1265 Fenoris
431 1206 676 1266 accedat
714 1223 977 1274 merces·,
1021 1204 1155 1266 hinc
1198 1208 1386 1266 exime
1429 1207 1718 1285 sumptus!
1755 1238 1834 1254 -

129 1286 288 1361 Quid
333 1288 615 1367 reliquum
662 1285 797 1372 est?
831 1322 902 1333 -—
961 1287 1310 1367 Reliquum?
1358 1308 1543 1364 nunc,
1591 1308 1740 1349 nunc
1784 1286 2097 1367 impensius

130 1454 338 1531 Unge,
382 1463 562 1532 pue'r,
610 1454 839 1514 caules!
893 1453 1027 1513 mihi
1075 1453 1228 1513 festa
1243 1390 1420 1514 ulltllgcg⁹
1454 1463 1736 1534 coquatur

127 1536 330 1597 Urtica
371 1546 429 1596 et
471 1538 608 1597 fissa
652 1537 936 1597 fumosum
980 1538 1228 1614 sinciput
1271 1556 1432 1614 aure,
2031 1544 2098 1599 70

25 1659 31 1674 .
128 1619 209 1679 Ut
251 1628 381 1678 tuus
425 1621 537 1681 iste
578 1637 767 1698 nepos
823 1620 960 1680 olim
1004 1628 1163 1679 satur
1207 1622 1430 1680 anseris
1481 1624 1655 1697 extis,

131 1700 321 1775 Quum
364 1720 598 1766 morosa
646 1720 799 1781 vago
846 1703 1143 1779 singultiet
1189 1705 1423 1781 inguine
1466 1723 1636 1780 vena,

24 1813 26 1824 ι
131 1786 416 1845 Patriciae
461 1787 715 1846 immeiat
750 1783 1010 1847 vulvae?
1064 1785 1200 1847 mihi
1245 1796 1423 1848 trama
1467 1790 1687 1866 figurae

131 1868 221 1929 Sit
262 1868 517 1948 reliqua,
561 1878 652 1931 ast
694 1870 778 1931 illi
824 1878 1028 1931 tremat
1072 1879 1303 1932 omento
1350 1889 1505 1951 popa
1546 1869 1792 1932 venter?

128 1951 336 2011 Vende
374 1954 614 2013 animam
655 1954 857 2029 lucro,
901 1971 1165 2015 mercare
1215 1963 1390 2033 atque
1434 1965 1645 2015 excute
1693 1955 1907 2015 sollers
2028 1962 2095 2018 75
2175 1954 2186 1963 ’

131 2033 314 2094 Omne
361 2035 509 2095 latus
551 2037 773 2113 mundi,
823 2054 935 2096 nec
976 2038 1052 2096 sit
1095 2040 1486 2115 praestantior
1529 2039 1677 2098 alter

133 2114 518 2195 Cappadocas
561 2122 746 2199 rigida
795 2122 1040 2198 pingues
1084 2122 1375 2198 plausisse
1422 2130 1669 2189 catasta;

131 2199 277 2258 Rem
326 2201 576 2279 duplica,
611 2238 682 2249 —
730 2202 871 2264 Feci
884 2226 899 2273 ;
953 2205 1065 2263 iam
1108 2204 1355 2283 triplex,
1401 2206 1512 2265 iam
1555 2205 1691 2265 mihi
1736 2212 1960 2281 quarto,

129 2282 248 2343 Iam
294 2282 492 2343 decies
536 2286 683 2347 redit
726 2289 784 2347 in
822 2305 1055 2365 rugam:
1100 2288 1386 2366 depinge,
1435 2288 1532 2348 ubi
1569 2291 1784 2348 sistam.
1820 2320 1896 2331 -

130 2365 432 2443 Inventus,
480 2364 844 2448 Chrysippe,
891 2372 974 2430 tui
1022 2371 1216 2431 finitor
1251 2373 1466 2431 acervi.
2022 2380 2095 2433 80

1581 3448 1678 3510 2*
