2409 3825
1142 146 1224 206 Vl

351 321 753 392 perpetuoque
779 312 952 372 fluunt
976 314 1147 372 certis
1170 313 1241 372 ab
1263 313 1435 373 rebus
1460 313 1696 377 odores:

202 408 332 462 925
355 396 536 474 frigus
561 406 621 456 ut
645 415 677 455 a
704 396 886 455 fluviis
906 441 924 473 ,
951 394 1107 455 calor
1126 396 1197 455 ah
1226 395 1352 456 sole
1368 441 1386 473 ‚
1417 408 1610 458 aestus
1633 398 1701 457 ab
1726 397 1886 460 undis

352 481 620 559 aequoris
636 525 654 557 ,
682 497 894 539 exesor
916 496 1235 538 moerorum
1250 526 1268 556 ,
1299 479 1463 539 litora
1484 490 1749 559 propter:

354 582 466 624 nee
488 565 626 622 varii
652 572 882 623 cessant
903 563 1123 622 sonitus
1148 581 1371 623 manare
1396 581 1502 641 per
1521 583 1714 624 auras:

355 646 601 725 denique
623 648 680 706 in
711 664 776 706 os
803 646 939 707 salsi
963 648 1119 706 venit
1141 664 1303 706 umor
1325 664 1500 725 saepe
1524 650 1744 726 saporis
1763 692 1779 723 ‚

356 749 483 790 cum
507 748 659 790 mare
681 747 974 790 versamur
993 740 1264 807 propter,
1293 729 1579 807 dilutaque
1604 741 1798 790 contra

200 825 324 880 930
355 834 483 874 eum
504 816 708 873 tuimur
728 815 957 874 misceri
986 813 1260 873 absinthia
1277 858 1294 890 ,
1322 815 1497 890 tangit
1519 832 1752 874 amaror.

354 916 538 976 usque
562 896 707 957 adeo
732 897 988 957 omnihus
1012 896 1082 956 ab
1105 897 1279 957 rebus
1307 917 1402 958 res
1427 915 1686 975 quaeque
1712 898 1954 959 fluenter

355 983 537 1041 fertur
559 991 619 1040 et
645 983 701 1039 in
727 991 960 1040 cunctas
985 980 1275 1041 dimittitur
1295 982 1541 1058 undique
1562 984 1737 1060 partis
1755 1026 1773 1057 ‚

355 1084 467 1126 nee
490 1082 645 1124 mora
664 1082 777 1124 nee
794 1066 1025 1142 requies
1050 1063 1359 1124 interdatur
1381 1057 1494 1124 ulla
1519 1064 1725 1124 fluendi
1742 1111 1760 1140 ‚

358 1158 642 1228 perpetuo
668 1150 929 1226 quoniam
952 1150 1225 1209 sentimus
1254 1158 1314 1208 et
1333 1150 1513 1207 omnia
1544 1167 1791 1227 semper.

208 1244 327 1298 935
356 1234 624 1311 [cernere
649 1232 871 1292 odorari
895 1230 1034 1292 licet
1059 1234 1116 1292 et
1139 1233 1353 1292 sentire
1380 1232 1605 1309 sonare]

439 1315 602 1376 Nunc
626 1316 806 1376 omnis
831 1325 1273 1399 repetamquam
1295 1333 1421 1374 raro
1453 1332 1695 1393 corpore
1720 1318 1830 1377 sint
1854 1335 1948 1377 res

357 1417 828 1468 commemorare;
854 1398 1007 1478 quod
1034 1401 1087 1458 in
1113 1401 1293 1478 primo
1323 1416 1552 1477 quoque
1577 1401 1820 1458 carmine
1845 1400 2049 1462 claret.

358 1486 571 1563 quippe
595 1485 804 1543 etenim
823 1530 839 1560 ,
867 1501 1200 1561 quamquam
1221 1482 1421 1543 multas
1443 1483 1554 1541 hoc
1576 1484 1823 1561 pertinet
1845 1483 1915 1542 ad
1937 1503 2029 1544 res

357 1585 603 1629 noscere
623 1612 641 1644 ,
670 1586 797 1626 cum
819 1568 1012 1646 primis
1038 1567 1183 1626 hanc
1204 1566 1276 1626 ad
1300 1585 1420 1627 rem
1443 1569 1698 1645 protinus
1720 1568 1897 1645 ipsam
1919 1613 1936 1643 ‚

208 1663 333 1716 940
358 1670 467 1730 qua
493 1651 563 1711 de
588 1649 876 1711 disserere
902 1649 1238 1728 adgredior,
1274 1651 1491 1709 firmare
1518 1659 1822 1710 necessest

358 1734 437 1794 nil
459 1754 591 1796 esse
614 1735 670 1793 in
691 1745 955 1813 promptu
978 1735 1086 1794 nisi
1114 1737 1344 1795 mixtum
1369 1750 1577 1812 corpus
1600 1735 1762 1793 inani.

358 1820 638 1898 principio
665 1819 724 1878 lit
747 1821 880 1878 utin
904 1818 1196 1897 speluncis
1218 1836 1351 1878 saxa
1374 1835 1622 1895 superne

358 1903 564 1964 sudent
586 1921 782 1963 umore
809 1913 867 1963 et
888 1904 1064 1980 guttis
1089 1902 1424 1962 manantibu'
1448 1901 1681 1963 stillent.

359 1996 540 2047 manat
562 1989 695 2047 item
721 1988 886 2047 nobis
917 2007 950 2046 e
976 1997 1097 2048 toto
1126 2005 1372 2066 corpore
1398 1987 1573 2047 sudor
1592 2032 1610 2063 ‚

212 2083 335 2138 945
361 2074 571 2132 crescit
593 2071 765 2132 barba
792 2069 1008 2149 pilique
1033 2090 1138 2151 per
1161 2073 1342 2130 omnia
1364 2072 1612 2130 membra
1628 2115 1645 2147 ‚
1671 2088 1777 2148 per
1800 2082 1969 2131 artus.

360 2155 564 2215 diditur
586 2156 641 2213 in
667 2173 843 2215 venas
868 2155 1030 2216 cibus
1055 2157 1235 2215 omnis
1252 2201 1269 2231 ‚
1296 2164 1501 2233 auget,
1528 2154 1739 2231 alitque

363 2239 622 2319 corporis
649 2248 930 2299 extremas
956 2256 1184 2318 quoque
1207 2242 1382 2317 partis
1404 2237 1878 2317 unguiculosque.

361 2323 541 2400 frigus
568 2324 702 2382 item
726 2324 964 2383 transire
977 2341 1084 2401 per
1109 2341 1209 2383 aes
1226 2368 1244 2399 ‚
1272 2323 1625 2401 calidumque
1653 2340 1923 2400 vaporem
1941 2368 1959 2398 ‚

361 2408 633 2467 sentimus
652 2451 670 2482 ‚
703 2408 974 2466 sentimus
995 2410 1131 2472 item
1159 2409 1398 2467 transire
1420 2426 1526 2485 per
1547 2424 1739 2466 aurum

221 2502 339 2556 950
360 2500 529 2569 atque
559 2508 665 2568 per
686 2500 979 2568 argentum
995 2537 1013 2567 ,
1043 2509 1169 2550 cum
1191 2489 1397 2569 pocula
1422 2490 1589 2569 plena
1611 2499 1886 2549 tenemus.

362 2574 606 2653 denique
634 2592 741 2652 per
768 2573 1020 2652 dissepta
1043 2574 1335 2634 domorum
1358 2591 1529 2633 saxea
1552 2590 1731 2631 voces

363 2657 741 2737 pervolitant,
766 2669 1053 2736 permanat
1077 2657 1222 2718 odor
1244 2657 1538 2734 frigusque
1565 2672 1861 2733 vaposque

365 2743 512 2818 ignis
529 2786 546 2819 ‚
576 2742 672 2819 qui
694 2740 829 2800 ferri
855 2759 1081 2820 quoque
1103 2743 1217 2800 vim
1243 2749 1546 2820 penetrare
1568 2740 1756 2799 suevit

364 2824 611 2903 denique
642 2843 751 2903 qua
777 2826 988 2886 circum
1016 2824 1160 2885 Galli
1183 2824 1361 2884 lorica
1387 2831 1641 2884 coercet.

224 2920 337 2975 955
363 2908 614 2969 morbida
635 2911 839 2986 visque
868 2909 1067 2986 simul,
1101 2928 1228 2969 cum
1257 2911 1616 2970 extrinsecus
1639 2908 1978 2985 insinuatur,

366 3012 400 3052 e
426 3002 767 3071 tempestate
794 2994 849 3052 in
876 3002 1030 3053 terra
1055 2991 1334 3071 caeloque
1362 2999 1646 3070 coortam,

364 3078 420 3135 in
452 3075 671 3136 eaelum
692 3087 989 3155 terrasque
1011 3085 1260 3137 remotas
1284 3078 1406 3135 iure
1431 3076 1750 3142 facessunt;

367 3159 821 3238 quandoquidem
847 3159 924 3219 nil
951 3170 1040 3222 est
1061 3162 1168 3221 nisi
1191 3177 1319 3220 raro
1344 3161 1587 3238 corpori’
1613 3178 1779 3219 nexu.

449 3242 575 3303 Huc
596 3243 822 3305 aceedit
843 3247 923 3305 'uti
944 3262 1059 3304 non
1083 3245 1267 3303 omnia
1283 3288 1300 3320 ,
1328 3261 1471 3321 quae
1500 3245 1775 3303 iaciuntur

231 3339 347 3392 960
368 3344 611 3407 corpora
634 3346 876 3407 eumque
895 3329 966 3388 ab
988 3329 1160 3390 rebus
1177 3371 1195 3404 ‚
1219 3326 1423 3386 eodem
1446 3327 1698 3406 praedita
1717 3342 1889 3386 sensu

364 3421 532 3491 atque
560 3412 765 3472 eodem
789 3421 960 3491 paeto
981 3412 1155 3472 rebus
1179 3412 1291 3470 sint
1315 3410 1573 3469 omnibus
1599 3418 1746 3488 apta.

2063 151 2183 213 189
