2409 3825
108 244 287 326 oxi]
971 247 1203 303 LIBER.
1860 336 1871 351 ,
1968 244 2046 308 ’τι

202 408 412 474 Nobis
457 430 495 473 o
542 401 750 475 lucem
796 409 1158 474 candidiore
1202 411 1386 475 nota!

110 493 278 570 Quis
322 514 424 557 me
467 514 597 558 uno
641 493 801 558 vivit
842 493 1121 575 felicior,
1167 497 1279 559 aut
1319 517 1424 559 ma
1475 495 1527 559 is
1571 494 1690 560 hac
1733 517 1836 561 res

206 577 536 662 Optandas
578 577 712 642 vita
756 577 961 643 dicere
1005 578 1147 662 quis
1189 580 1429 661 poterit

959 791 1207 866 CVIII.

114 914 224 998 Si,
272 912 558 999 Comini,
601 914 824 999 populi
867 914 1127 979 arbitrio
1171 919 1283 980 tua
1325 937 1481 979 cana
1524 919 1815 982 senectus

208 998 521 1082 Spurcata
561 998 807 1083 inpuris
849 998 1134 1063 moribus
1177 1000 1475 1085 intereat,

114 1081 277 1148 Non
334 1082 622 1166 equidem
680 1082 901 1147 dubito
959 1083 1115 1167 quin
1168 1084 1445 1167 primum
1500 1084 1760 1150 inimica
1811 1085 1922 1150 bo-

209 1249 462 1334 Lingua
504 1241 722 1315 execta
765 1251 948 1315 avido
994 1252 1079 1316 sit
1120 1252 1269 1317 data
1310 1191 1613 1335 vrffiffi,

116 1333 414 1399 Effossos
458 1335 677 1399 oculos
720 1338 901 1400 voret
943 1338 1082 1401 atro
1125 1340 1383 1421 gutture
1426 1358 1648 1401 corvos
1658 1386 1678 1421 ,
2018 1351 2050 1399 5

208 1417 525 1482 Intestina
568 1438 755 1483 canes
768 1468 787 1502 ,
833 1423 1042 1483 cetera
1083 1421 1370 1484 membra
1408 1419 1562 1503 lupi.

947 1632 1227 1707 ovnn.
1265 1599 1271 1608 ’

118 1754 510 1839 Iocundum‚
553 1775 696 1818 mea
737 1754 899 1839 vita,
943 1754 1102 1819 mihi
1143 1758 1451 1841 proponis
1496 1779 1775 1822 amorem

210 1838 403 1903 Hunc
444 1842 735 1902 nostrum
778 1839 1064 1903 internos
1108 1846 1603 1927 perpetuomque
1647 1842 1801 1907 fore.

120 1925 212 1990 Di
254 1924 504 2008 magni,
551 1923 741 1987 facite
787 1926 860 1987 ut
901 1946 1047 1989 vere
1089 1927 1460 2008 promittere
1504 1926 1733 2011 possit,

210 2008 424 2091 Atque
466 2006 534 2072 id
579 2008 821 2072 sincere
867 2007 1036 2072 dicat
1079 2012 1144 2072 et
1186 2031 1264 2073 ex
1308 2010 1562 2093 anim0‚.

26 2122 31 2127 ·
117 2092 219 2157 Vt
261 2091 452 2155 liceat
491 2090 676 2156 nobis
720 2092 858 2155 tota
898 2093 1244 2175 producere
1287 2094 1417 2159 vita

212 2176 553 2239 Alternum
595 2175 718 2240 hoc
762 2181 1018 2241 sanctae
1061 2177 1284 2242 foedus
1331 2178 1665 2244 amicitiae.
1771 2263 1776 2269 q
1909 2255 1917 2263 ⁶

124 2510 454 2594 Aufilena,
497 2511 703 2576 bonae
748 2534 998 2597 semper
1041 2513 1379 2579 laudantur
1421 2516 1688 2582 amicae:

214 2595 561 2678 Accipiunt
600 2597 872 2680 pretium
888 2646 906 2680 ,
952 2619 1111 2682 quae
1152 2599 1362 2664 facere
1405 2599 1763 2665 instituunt.

121 2680 229 2745 Tu
273 2678 441 2762 quod
484 2680 807 2763 promisti,
852 2680 1011 2746 mihi
1053 2683 1224 2766 quod
1262 2684 1532 2748 mentita
1579 2684 1887 2749 inimica’s
1901 2735 1917 2766 ,

217 2762 401 2838 Quod
444 2784 565 2830 nec
607 2763 718 2828 das
763 2767 829 2829 et
869 2765 998 2830 fers
1043 2787 1231 2850 saepe
1246 2815 1265 2851 ‚
1311 2767 1467 2832 facis
1509 2768 1779 2833 facinus.

31 2864 39 2881 ³
122 2851 267 2914 Aut
307 2847 514 2911 facere
559 2847 968 2933 ingenuaest,
1015 2855 1124 2914 aut
1164 2872 1299 2915 non
1340 2852 1651 2935 promisse
1679 2852 1978 2937 pudicae,
2025 2866 2056 2914 5

216 2930 541 3013 Aufilena‚
586 2932 736 2997 fuit:
790 2932 900 2998 sed
944 2933 1091 2999 data
1135 2935 1451 3020 corripere

125 3013 505 3081 Fraudando
550 3018 592 3098 †
635 3015 832 3081 efficit
873 3017 1016 3100 plus
1061 3040 1249 3102 quam
1294 3020 1642 3085 meretricis
1688 3041 1945 3106 avarae,

217 3099 392 3176 Quae
437 3119 575 3164 sese
618 3103 757 3165 toto
804 3121 1068 3184 corpore
1112 3104 1461 3186 prostituit.

1007 3317 1184 3391 CXI.

28 3472 37 3491 2
138 3438 456 3523 Aufilena‚
502 3439 639 3503 viro
685 3441 1053 3503 contentam
1095 3441 1306 3505 vivere
1351 3442 1520 3523 solo,

216 3522 280 3588 N
281 3526 579 3608 uptarum
622 3523 759 3587 laus
805 3544 839 3587 e
884 3523 1174 3589 laudibus
1222 3525 1501 3590 eximiis:
