2409 3825
265 165 354 229 46
1086 168 1394 225 CATVLLI
1662 142 1668 145 ’
1961 172 2216 243 [Lxmn

438 330 473 395 I
519 352 586 396 se
630 334 842 397 autem
885 352 1071 397 caeca
1110 334 1393 396 mentem
1436 332 1708 419 caligine
1753 334 2039 400 Theseus

495 417 742 480 onsitus
785 415 984 479 oblito
1029 414 1274 479 dimisit
1314 419 1573 499 pectore
1617 421 1877 499 cuncta,

441 499 617 575 Quae
657 499 959 565 mandata
997 500 1175 582 prius
1221 501 1543 565 constanti
1582 505 1798 566 mente
1839 504 2139 587 tenebat,

269 593 372 647 210
439 582 671 649 Dulcia
710 604 831 649 nec
871 586 1116 648 maesto
1161 584 1503 648 sustollens
1548 586 1736 670 signa
1783 588 2035 670 parenti

442 667 762 752 Sospitem
803 666 1235 732 Erechtheum
1279 687 1348 732 se
1377 669 1658 733 ostendit
1690 670 1894 735 visere
1921 673 2211 754 portum.

437 751 732 835 Namque
773 752 990 816 ferunt
1031 752 1215 834 olim,
1263 754 1473 817 castae
1517 773 1662 818 cum
1703 756 1957 819 moenia
2000 755 2189 820 divae

439 835 864 918 Linquentem
905 838 1175 920 gnatum
1215 836 1423 900 ventis
1475 837 1883 903 concrederet
1923 839 2215 925 AegeuS‚

440 919 626 984 Talia
667 920 1048 1003 conplexum
1087 920 1303 983 iuveni
1344 920 1649 985 mandata
1691 921 1957 987 dedisse.

270 1016 373 1066 215
444 1002 678 1068 ‘Gnate
720 1003 881 1067 mihi
924 1003 1124 1088 longa
1166 1003 1502 1069 iocundior
1542 1006 1729 1070 unice
1772 1006 1934 1089 vita,

272 1101 405 1151 217ι
439 1087 712 1152 Reddite
754 1088 824 1151 in
869 1089 1151 1152 extrema
1189 1109 1396 1172 nuper
1434 1088 1595 1152 mihi
1637 1090 1763 1153 fine
1808 1093 2136 1174 senectae,

272 1186 372 1235 216
443 1172 668 1252 Gnate,
701 1192 819 1256 ego
851 1192 1039 1255 quem
1067 1171 1139 1235 in
1167 1171 1393 1236 dubios
1426 1192 1622 1258 cogor
1650 1174 1967 1239 dimittere
1998 1196 2212 1257 casm,

441 1255 963 1339 Quandoquidem
989 1254 1252 1320 fortuna
1276 1277 1422 1321 mea
1463 1278 1538 1320 ac
1577 1259 1690 1321 tua
1729 1258 1974 1323 fervida
1999 1260 2213 1324 virtus

439 1340 654 1423 Eripit
694 1340 895 1403 invito
939 1338 1099 1404 mihi
1139 1343 1234 1423 te,
1279 1340 1383 1405 cui
1426 1340 1732 1426 languida
1769 1342 2057 1407 nondum

273 1439 375 1488 220
441 1424 716 1489 Lumina
761 1426 912 1489 sunt
953 1424 1136 1508 gnati
1176 1445 1326 1488 cara
1368 1428 1647 1489 saturata
1687 1426 1921 1510 figura:

440 1508 593 1573 Non
636 1529 757 1593 ego
799 1510 864 1572 te
906 1507 1191 1592 gaudens
1234 1509 1501 1573 laetanti
1543 1512 1799 1592 pectore
1841 1511 2134 1598 mittam,

441 1591 580 1658 Nec
621 1594 687 1656 te
726 1592 896 1656 ferre
940 1593 1147 1656 sinam
1188 1592 1486 1656 fortunae
1527 1595 1714 1678 signa
1757 1594 2104 1676 secundae,

443 1675 567 1742 Sed
609 1676 888 1759 primum
927 1677 1161 1741 multas
1205 1697 1571 1760 expromam
1611 1680 1826 1742 mente
1866 1679 2214 1765 querellaS,

443 1758 761 1825 Canitiem
802 1764 974 1824 terra
1016 1764 1205 1845 atque
1246 1761 1459 1825 infuso
1502 1762 1759 1845 pulvere
1802 1762 2095 1847 foedans,

272 1857 373 1908 225
441 1843 600 1908 Inde
642 1844 881 1909 infecta
921 1865 1084 1930 vago
1129 1845 1511 1929 suspendam
1555 1846 1754 1910 lintea
1793 1848 1994 1930 malo,

440 1928 721 1995 Nostros
762 1932 835 1994 ut
875 1931 1083 1993 luctus
1125 1933 1512 2014 nostraeque
1549 1931 1845 1996 incendia
1886 1932 2126 1997 mentis

445 2012 760 2078 Carbasus
804 2013 1142 2078 obscurata
1183 2013 1368 2078 decet
1408 2015 1732 2100 ferrugine
1774 2015 2038 2080 Hibera.
2127 2034 2134 2041 “

443 2097 625 2174 Quod
665 2099 786 2163 tibi
828 2099 885 2161 si
927 2098 1134 2162 sancti
1177 2099 1563 2163 concesserit
1603 2099 1812 2163 incola
1852 2098 2058 2182 Itoni,

443 2183 620 2257 Quae
647 2184 938 2246 nostrum
963 2203 1167 2267 genus
1197 2204 1272 2247 ac
1293 2182 1475 2247 sedes
1496 2182 1832 2249 defendere
1852 2182 2212 2251 Erechthei

216 2324 221 2333 .
271 2277 374 2330 230
442 2266 720 2349 Adnuit,
764 2269 839 2330 ut
878 2266 1048 2330 tauri
1088 2287 1425 2351 respergas
1469 2267 1779 2352 sanguine
1823 2267 2111 2332 dextram
2126 2319 2146 2348 ,

440 2349 605 2413 Tum
647 2370 797 2414 vero
840 2350 1033 2415 facito
1077 2353 1151 2415 ut
1190 2350 1461 2416 memori
1501 2351 1621 2416 tibi
1667 2352 1925 2417 condita
1965 2352 2166 2417 corde

440 2433 620 2498 Haec
660 2434 725 2497 vi
772 2437 923 2498 eant
963 2435 1296 2518 mandata,
1339 2456 1460 2500 nec
1485 2434 1619 2498 ulla
1649 2435 1974 2500 oblitteret
2001 2440 2207 2519 aetas,

439 2516 533 2581 Vt
573 2456 838 2583 simuffac
879 2522 1138 2584 nostros
1180 2519 1461 2584 invisent
1502 2520 1745 2584 lumina
1788 2520 2014 2598 colles,

440 2601 787 2667 Funestam
829 2606 1147 2668 antennae
1189 2603 1518 2688 deponant
1560 2604 1840 2688 undique
1883 2607 2160 2688 vestem,

271 2699 373 2749 235
445 2685 854 2771 Candidaque
896 2688 1121 2752 intorti
1165 2687 1508 2752 sustollant
1546 2689 1688 2753 vela
1727 2688 2059 2770 rudenteS,

272 2785 371 2833 235
386 2773 416 2814 b
438 2769 679 2836 Lucida
721 2793 848 2855 qua
889 2772 1227 2856 splendent
1271 2772 1504 2836 summi
1548 2772 1871 2838 carchesia
1913 2773 2100 2855 mali,

441 2855 648 2932 Quam
689 2857 968 2940 primum
1010 2877 1278 2920 cernens
1318 2858 1392 2919 ut
1432 2857 1599 2921 laeta
1638 2857 1878 2942 gaudia
1913 2860 2131 2921 mente

438 2940 828 3024 Agnoscam,
855 2961 999 3005 cum
1025 2943 1092 3004 te
1118 2940 1415 3005 reducem
1444 2943 1618 3004 aetas
1641 2961 1948 3025 prospera
1969 2940 2203 3005 sistet.'

439 3023 619 3089 Haec
659 3025 960 3089 mandata
1000 3024 1179 3108 prius
1224 3024 1545 3089 constanti
1588 3027 1802 3090 mente
1841 3027 2176 3089 tenentem

440 3107 686 3172 Thesea
728 3130 844 3173 ceu
885 3108 1106 3192 pulsae
1148 3111 1485 3173 ventorum
1526 3108 1786 3174 flamine
1826 3109 2032 3173 nubes

270 3197 374 3246 240
439 3191 705 3254 Aerium
745 3192 919 3256 nivei
959 3192 1199 3256 montis
1243 3192 1485 3276 liquere
1528 3213 1851 3258 cacumen.

439 3271 533 3332 At
559 3275 740 3365 pater
750 3321 771 3356 ,
813 3277 888 3338 ut
915 3296 1162 3338 summa
1189 3279 1598 3360 prospectum
1627 3297 1707 3341 ex
1735 3298 1880 3341 arce
1907 3278 2205 3362 petebat,

440 3350 654 3414 Amna
693 3355 764 3418 in
806 3357 1102 3421 adsiduos
1146 3359 1485 3423 absumens
1528 3360 1773 3424 lumina
1812 3360 2000 3426 fietus
2010 3412 2031 3446 ‚

443 3427 606 3493 Cum
645 3435 921 3514 primum
962 3440 1183 3505 infecti
1229 3443 1563 3527 conspexit
1604 3444 1804 3509 lintea
1845 3445 2001 3530 veli,
