2409 3825
336 175 422 243 48
1146 183 1454 239 cATvLu
2026 181 2277 255 [ann.

340 358 442 408 280
463 344 633 411 Nam
688 366 1116 429 quoscumque
1170 345 1384 409 ferunt
1443 346 1682 429 campi,
1751 366 1912 442 quos
1966 345 2282 412 Thessala

1553 452 1619 493 m
1751 453 1806 493 1s

467 513 795 578 Montibus
840 534 953 578 ora
995 517 1195 597 creat,
1243 534 1403 662 Ἓοε
1445 534 1563 597 pro
1608 449 1748 577 ἐξὲξ-Π
1744 512 2031 578 fluminis
2068 513 2284 577 undas

467 598 646 662 Aura
684 598 856 681 parit
894 597 1083 662 flores
1125 599 1263 681 tepi
1314 598 1327 612 '
1372 598 1561 661 secun
1607 618 1646 659 a
1686 596 1962 681 Favoni,

468 681 608 746 Hos
652 681 1037 746 indistinctis
1080 682 1301 766 plexos
1344 682 1494 745 tulit
1534 682 1670 764 ipse
1715 681 2003 761 coroIIiS,

473 766 612 839 Quo
654 766 975 849 permulsa
1017 765 1242 829 domus
1284 764 1559 828 iocundo
1603 764 1747 828 risit
1789 764 2005 830 odore.

341 861 441 911 285
467 848 820 914 Confestim
862 848 1097 912 Penios
1141 848 1349 931 adest,
1393 847 1731 912 viridantia
1772 847 2044 931 Tempe,

470 933 735 1015 Tempe,
782 953 943 1016 quae
986 932 1181 996 silvae
1226 933 1496 1016 cingunt
1538 937 1728 1016 super
1769 931 2204 1015 inpendentes
2214 980 2237 1015 ,

469 1020 511 1095 †
539 1016 839 1080 Minosim
885 1016 1180 1099 linquens
1225 1016 1463 1080 crebris
1507 1015 1884 1081 celebranda
1927 1014 2190 1082 choreis
2200 1064 2224 1099 ,

469 1099 622 1164 Non
665 1121 930 1164 vacuos:
974 1121 1250 1184 namque
1293 1100 1403 1164 ille
1446 1101 1595 1165 tulit
1634 1100 1936 1164 radicitus
1980 1099 2152 1164 altas

470 1182 679 1267 Fagos
723 1204 797 1247 ac
839 1186 1015 1247 recto
1057 1205 1354 1267 proceras
1398 1185 1614 1267 stipite
1657 1184 1900 1267 lauruS,

344 1281 447 1331 290
470 1268 620 1332 Non
665 1268 801 1332 sine
841 1269 1096 1331 nutanti
1137 1268 1399 1351 platano
1444 1269 1739 1352 lentaque
1782 1289 2000 1332 sorore

471 1352 810 1416 Flammati
852 1349 1272 1416 Phaethontis
1317 1357 1384 1416 et
1424 1352 1593 1415 aeria
1635 1373 1711 1416 cu
1756 1373 1953 1416 ressu.

471 1435 648 1500 Haec
691 1437 927 1500 circum
971 1436 1150 1500 sedes
1192 1436 1322 1500 late
1366 1438 1665 1500 contexta
1729 1436 1967 1519 ocavit,

471 1520 874 1584 Vestibulum
916 1522 989 1583 ut
1030 1520 1212 1583 molli
1254 1518 1531 1583 velatum
1579 1519 1806 1583 fronde
1849 1520 2105 1584 vireret.

471 1603 629 1669 Post
668 1603 840 1668 hunc
884 1605 1292 1687 consequitur
1327 1604 1571 1667 sollerti
1600 1603 1788 1668 corde
1816 1603 2285 1688 Prometheus,

346 1702 446 1750 295
468 1688 828 1753 Extenuata
916 1709 1104 1752 erens
1146 1688 1378 1752 veteris
1420 1688 1693 1772 vestigia
1732 1707 2007 1771 poenae,
2077 1699 2083 1705 ’

475 1772 677 1847 Quam
700 1709 1021 1855 quondam
1050 1771 1350 1855 scythicis
1381 1772 1709 1836 restrictus
1737 1772 2026 1836 membra
2049 1773 2286 1837 catena

472 1856 788 1922 Persolvit
827 1857 1111 1940 pendens
1156 1878 1190 1921 e
1234 1856 1575 1921 verticibus
1617 1856 1992 1942 praeruptis,

473 1941 633 2006 Inde
676 1944 857 2025 pater
899 1942 1112 2005 divom
1156 1944 1379 2005 sancta
1420 1962 1566 2005 cum
1610 1942 1880 2026 coniuge
1921 1940 2232 2026 natisque

473 2026 756 2090 Advenit
798 2026 1002 2109 cae10,
1045 2029 1111 2090 te
1155 2026 1392 2109 solum,
1436 2024 1723 2110 Phoebe,
1767 2025 1933 2090 relin
1977 2047 2140 2090 uens

346 2123 450 2171 300
472 2110 956 2195 Vnigenamque
1000 2110 1189 2175 simul
1235 2110 1559 2174 cultricem
1601 2109 1925 2174 montibus
2004 2109 2104 2174 dri
2120 2133 2140 2174 z

474 2195 665 2258 Pelea
704 2216 856 2257 nam
898 2198 1109 2258 tecum
1151 2194 1389 2278 pariter
1431 2215 1613 2258 soror
1655 2197 2054 2278 aspernatast

473 2278 612 2343 Nec
656 2278 942 2342 Thetidis
983 2278 1203 2342 taedas
1247 2279 1450 2342 voluit
1492 2278 1807 2342 celebrare
1850 2278 2104 2362 iugalis,

478 2362 601 2436 Qui
643 2365 979 2446 postquam
1022 2363 1226 2427 niveis
1269 2361 1582 2426 flexerunt
1624 2362 1877 2427 sedibus
1920 2364 2131 2444 artus,

474 2446 679 2531 Large
721 2447 1058 2531 multiplici
1102 2449 1504 2511 constructae
1547 2449 1698 2510 sunt
1739 2446 1898 2529 dape
1939 2467 2240 2530 mensae,

348 2543 449 2592 305
476 2529 636 2594 Cum
680 2531 921 2596 interea
962 2531 1216 2594 infirmo
1261 2531 1618 2614 quatientes
1663 2550 1929 2613 corpora
1968 2534 2158 2595 motu

475 2614 806 2679 Veridicos
849 2615 1083 2679 Parcae
1128 2619 1475 2698 coeperunt
1516 2614 1701 2678 edere
1743 2616 1987 2678 cantuS.

481 2699 593 2762 His
639 2721 865 2782 corpus
908 2699 1251 2764 tremulum
1295 2699 1705 2782 conplectens
1757 2697 2038 2781 undique
2083 2698 2288 2763 vestis

477 2783 765 2849 Candida
804 2804 1121 2868 purpurea
1160 2783 1326 2847 talos
1369 2783 1726 2847 incinxerat
1767 2803 1908 2866 ora,

475 2870 745 2932 Annoso
787 2868 1009 2932 niveae
1049 2867 1414 2931 residebant
1456 2868 1690 2932 vertice
1731 2866 1960 2949 vittae,

348 2965 451 3015 310
472 2954 947 3035 Aeternumque
989 2973 1218 3016 manus
1263 2951 1611 3035 carpebant
1650 2951 1771 3015 rite
1813 2950 2123 3016 laborem.

476 3037 686 3100 Laeva
729 3036 940 3100 colum
981 3037 1164 3100 molli
1205 3036 1354 3100 lana
1394 3035 1710 3100 retinebat
1752 3035 2088 3120 amictum,

398 3166 403 3171 -
475 3120 759 3183 Dextera
796 3123 937 3184 tum
979 3121 1203 3185 leviter
1247 3119 1564 3184 deducens
1606 3119 1715 3183 fila
1757 3119 2005 3216 supinis

476 3203 821 3265 Formabat
863 3203 1112 3288 digitis,
1155 3207 1294 3267 tum
1335 3224 1541 3287 prono
1584 3204 1655 3269 in
1696 3203 1930 3288 polhce
1972 3207 2272 3289 torquens
2367 3260 2368 3289 ζ

476 3283 807 3348 Libratum
847 3287 1035 3350 tereti
1077 3287 1372 3351 versabat
1411 3287 1667 3352 turbine
1709 3288 1952 3371 fusum,
2365 3362 2366 3373 χ

351 3370 451 3419 815
475 3364 686 3443 Atque
728 3367 821 3429 ita
862 3367 1205 3451 decerpens
1249 3371 1559 3453 aequabat
1601 3392 1851 3455 semper
1894 3393 1933 3435 o
1981 3393 2058 3437 us
2104 3373 2275 3454 dens,
2365 3380 2366 3383 ’

477 3441 813 3528 Laneaque
857 3450 1117 3515 aridulis
1159 3451 1507 3518 haerebant
1547 3476 1763 3520 morsa
1803 3394 2055 3521 labellis
2066 3506 2086 3538 ,
2364 3406 2366 3537 A
