2409 3825
1233 180 1259 238 1

408 340 749 420 corporibus
772 341 1017 415 faciunt,
1044 361 1234 422 neque
1259 360 1488 421 pausam
1510 353 1660 404 stare
1685 345 1896 422 fragori
1915 390 1933 422 ,

407 443 521 484 nec
544 442 806 503 prorsum
828 426 885 483 in
906 424 1082 486 rebus
1109 428 1392 485 minimum
1419 429 1737 488 consistere
1769 431 2102 506 quiequam:

407 526 538 567 cum
558 507 849 568 videamus
874 508 931 567 id
953 519 1266 569 extremum
1292 512 1568 588 cuiusque
1596 528 1866 571 cacumen

275 602 383 656 750
405 611 542 651 esse
568 592 722 669 quod
743 592 814 653 ad
836 611 1040 653 sensus
1064 600 1295 655 nostros
1318 596 1600 653 minimum
1624 613 1757 654 esse
1779 596 2003 655 videtur
2021 642 2039 674 ,

407 677 680 735 conicere
703 686 765 737 ut
786 679 978 756 possis
1003 696 1077 739 ex
1099 678 1213 738 hoc
1229 724 1246 755 ,
1274 695 1419 755 quae
1445 696 1685 738 cernere
1709 696 1821 737 non
1847 683 1972 757 quis
2029 711 2036 717 ·

406 769 722 819 extremum
751 759 903 837 quod
925 759 1137 821 habent
1152 808 1170 839 ‚
1195 764 1476 820 minimum
1502 764 1821 823 consistere
1837 782 2142 840 prorsum.

403 842 519 902 huc
542 844 769 903 accedit
792 845 902 921 uti,
927 848 1190 922 quoniam
1213 844 1516 923 primordia
1539 864 1728 906 rerum

403 926 599 986 mollia
623 930 1004 1006 constituunt,
1031 948 1176 1007 quae
1198 947 1306 988 nos
1332 933 1517 990 nativa
1536 929 1792 991 videmus

273 1020 376 1073 755
403 1029 544 1071 esse
567 1021 625 1070 et
647 1011 868 1071 mortali
897 1031 1023 1072 cum
1046 1031 1294 1092 corpore
1311 1060 1329 1090 ,
1356 1013 1607 1073 funditus
1632 1032 1815 1092 usque

405 1094 616 1154 debeat
638 1094 706 1154 ad
728 1094 901 1156 nilum
923 1099 1030 1155 iam
1051 1115 1240 1157 rerum
1264 1116 1476 1157 summa
1497 1100 1712 1157 reverti

405 1178 481 1238 de
500 1177 734 1257 niloque
757 1190 951 1240 renata
971 1183 1280 1258 vigescere
1305 1184 1472 1261 copia
1493 1199 1709 1250 rerum;
1801 1190 1808 1197 “

403 1281 643 1340 quorum
665 1273 962 1342 utrumque
987 1264 1122 1342 quid
1147 1282 1179 1323 a
1200 1283 1343 1325 vero
1366 1267 1474 1325 iam
1498 1264 1670 1325 distet
1692 1265 1947 1327 habebis.

405 1346 611 1406 deinde
635 1348 857 1411 inimica
878 1348 1060 1409 modis
1090 1348 1280 1409 multis
1304 1360 1433 1410 sunt
1455 1360 1625 1428 atque
1650 1368 1873 1410 veneno

274 1438 380 1496 760
402 1433 530 1510 ipsa
553 1432 662 1491 sibi
688 1433 836 1491 inter
857 1451 953 1502 se3
979 1452 1154 1511 quare
1178 1443 1272 1492 aut
1299 1451 1612 1510 congressa
1634 1435 1932 1512 peribunt,

399 1524 496 1575 aut
518 1517 596 1575 ita
617 1515 914 1594 diffugient
935 1526 996 1577 ut
1017 1527 1363 1597 tempestate
1388 1527 1588 1577 coacta

382 1593 632 1659 fulmina
655 1599 935 1677 diffugere
960 1611 1129 1680 atque
1153 1602 1347 1663 imbris
1377 1611 1701 1678 ventosque
1723 1600 1995 1661 videmus,

483 1682 748 1763 Denique
777 1695 1039 1763 quattuor
1059 1705 1133 1745 ex
1155 1686 1331 1746 rebus
1356 1688 1405 1746 si
1430 1694 1634 1744 cuncta
1660 1695 1920 1743 creantur

401 1778 572 1865 atque
595 1770 652 1827 in
675 1786 773 1829 eas
797 1786 1018 1829 rursum
1040 1789 1135 1830 res
1160 1771 1344 1830 omnia
1371 1767 1792 1843 dissoluuntur,

269 1859 372 1916 765
397 1853 493 1931 qui
515 1854 693 1931 magis
717 1851 814 1913 illa
840 1864 1051 1931 queunt
1074 1872 1264 1915 rerum
1285 1852 1587 1934 primordia
1610 1850 1722 1912 dici

398 1955 564 2014 quam
588 1948 784 1998 contra
804 1955 900 1998 res
920 1937 1148 1999 illorum
1169 1950 1442 2020 retroque
1464 1934 1692 2017 putari?

396 2019 631 2081 alternis
654 2024 959 2120 gignuntur
983 2026 1131 2083 enim
1153 2034 1479 2102 mutantque
1505 2004 1760 2083 colorem

397 2113 457 2165 et
479 2114 654 2165 totam
675 2107 824 2166 inter
845 2126 911 2167 se
935 2105 1184 2169 naturam
1203 2118 1466 2188 tempore
1488 2107 1559 2166 ab
1583 2108 1748 2166 omni.

265 2196 371 2253 770
392 2191 484 2251 sin
512 2191 587 2249 ita
609 2189 760 2250 forte
783 2201 948 2269 putas
971 2193 1118 2269 ignis
1141 2202 1446 2271 terraeque
1471 2194 1627 2251 coire

396 2289 609 2352 corpus
634 2283 693 2333 et
715 2277 898 2335 aerias
924 2294 1087 2336 auras
1114 2293 1419 2356 roremque
1443 2276 1680 2354 liquoris
1696 2321 1713 2351 ,

393 2356 474 2417 nil
496 2359 553 2417 in
577 2358 824 2418 concilio
844 2370 1096 2420 naturam
1117 2370 1177 2421 ut
1199 2371 1378 2422 mutet
1400 2378 1595 2421 eorum
1612 2405 1630 2433 ,

392 2438 548 2501 nulla
570 2442 674 2501 tibi
699 2443 907 2505 exiliis
928 2448 1143 2523 poterit
1163 2464 1260 2505 res
1286 2465 1420 2506 esse
1445 2457 1634 2505 creata
1651 2491 1670 2521 ‚

390 2544 506 2585 non
528 2528 775 2588 animans
796 2574 815 2604 ‚
839 2547 953 2589 non
974 2532 1233 2590 exanimo
1260 2549 1387 2590 cum
1412 2546 1660 2608 corpore
1676 2574 1694 2605 ‚
1721 2538 1779 2589 ut
1802 2528 2003 2588 arbos:

259 2616 362 2673 775
389 2612 605 2689 quippe
628 2629 787 2671 suam
810 2616 1057 2693 quicque
1081 2616 1137 2674 in
1163 2624 1335 2675 coetu
1355 2614 1620 2674 variantis
1646 2614 1841 2671 acervi

389 2704 642 2755 naturam
664 2697 963 2776 ostendet,
989 2700 1310 2777 mixtusque
1333 2697 1617 2757 videbitur
1637 2701 1738 2753 aer

393 2796 521 2839 cum
543 2789 696 2840 terra
715 2781 880 2840 simul
904 2792 1074 2861 atque
1098 2781 1268 2842 ardor
1291 2784 1422 2842 cum
1440 2799 1572 2841 rore
1595 2797 1840 2839 manere.

389 2873 445 2924 at
467 2864 773 2942 primordia
797 2865 1102 2943 gignundis
1124 2868 1181 2926 in
1202 2866 1364 2926 rebu’
1385 2874 1693 2925 necessest

386 2957 642 3008 naturam
665 2948 1068 3011 clandestinam
1092 2968 1438 3029 caecamque
1462 2949 1764 3017 adhibere;

261 3037 366 3095 780
392 3033 638 3093 emineat
662 3052 736 3093 ne
760 3034 893 3113 quid
909 3080 927 3112 ,
954 3034 1106 3114 quod
1131 3045 1327 3095 contra
1346 3044 1564 3113 pugnet
1588 3044 1647 3094 et
1670 3033 1863 3093 obstet

388 3135 504 3195 quo
529 3119 713 3179 minus
738 3137 875 3180 esse
905 3129 1077 3197 queat
1106 3120 1340 3198 proprie
1364 3118 1763 3197 quodcumque
1789 3124 2029 3177 creatur.

474 3200 624 3275 Quin
647 3204 816 3263 etiam
840 3213 1110 3282 repetunt
1132 3221 1164 3262 a
1188 3202 1353 3263 caelo
1376 3212 1545 3281 atque
1567 3202 1794 3280 ignibus
1817 3202 1941 3260 eius
1958 3244 1978 3276 ,

389 3294 448 3346 et
470 3287 711 3364 primum
733 3286 985 3348 faciunt'
968 3306 1171 3385 ignem
1183 3307 1250 3348 se
1272 3296 1503 3347 vertere
1529 3288 1586 3345 in
1609 3304 1771 3344 auras

384 3371 578 3446 aeris,
602 3370 735 3431 hinc
757 3372 994 3431 imbrem
1016 3372 1208 3448 gigni,
1232 3380 1554 3448 terramque
1585 3369 1763 3428 creari

258 3459 362 3517 785
387 3471 463 3514 ex
485 3416 654 3514 imbri
679 3463 1003 3533 ‚retroque
1026 3471 1059 3513 a
1080 3463 1234 3515 terra
1258 3462 1461 3513 cuncta
1482 3452 1729 3524 reverti,

2101 176 2249 273 ,ει
