2409 3825
292 176 415 242 164
1258 167 1336 229 vl

462 342 706 403 carmina
722 387 739 417 ,
769 341 1021 419 picturas
1039 384 1057 416 ‚
1085 347 1144 398 et
1168 336 1401 398 daedala
1427 339 1588 415 signa
1612 337 1794 417 polire
1812 384 1831 415 ‚

290 435 432 491 1450
459 445 599 488 usus
625 433 684 484 et
706 424 980 503 impigrae
1004 421 1166 483 simul
1191 424 1545 499 experientia
1566 423 1770 481 mentis

460 509 728 590 paulatim
756 509 947 568 docuit
972 506 1340 585 pedetemtim
1367 506 1805 584 progredientis,

461 597 546 654 sic
571 610 739 652 unum
765 589 1031 670 quicquid
1057 587 1322 669 paulatim
1351 588 1624 668 protrahit
1648 598 1802 650 aetas

458 680 514 737 in
537 676 782 737 medium
804 677 1062 753 ratioque
1085 675 1142 733 in
1161 672 1385 733 luminis
1411 675 1578 751 erigit
1602 691 1759 734 oras:

456 778 701 839 namque
725 759 837 820 alid
861 778 934 819 ex
955 757 1065 817 alio
1092 756 1418 818 clarescere
1446 757 1856 835 conveniebat,
1918 765 1925 766 ’

292 855 424 910 1455
455 845 671 906 artibus
695 843 766 904 ad
790 861 1062 903 summum
1085 839 1272 902 donec
1292 859 1507 901 venere
1535 860 1826 901 cacumen.

776 1246 852 1337 Τ.
924 1238 1452 1337 tucltlt'l'l
1534 1243 1810 1336 cAltl

446 1415 631 1528 llll
747 1409 1333 1526 RERUM
1448 1409 2138 1527 NATURA

931 1597 1225 1680 LIBER
1270 1595 1650 1680 SEXTUS.

455 1871 697 1980 Primae
727 1917 1053 1997 frugiparos
1081 1917 1234 1978 fetus
1258 1917 1590 1982 mortalibus
1612 1918 1800 1994 aegris

458 2000 776 2063 dididerunt
801 2000 1077 2081 quondam
1106 2000 1404 2080 praeclaro
1428 2003 1653 2062 nomine
1677 2000 1935 2061 Athenae
1950 2048 1968 2079 ‚

457 2094 516 2146 et
543 2095 952 2146 recreaverunt
973 2087 1143 2146 vitam
1170 2084 1454 2164 legesque
1483 2093 1786 2163 rogarunt,

456 2179 514 2229 et
538 2172 749 2249 primae
777 2169 1053 2229 dederunt
1076 2169 1293 2229 solacia
1315 2168 1500 2229 dulcia
1525 2172 1674 2229 vitae
1691 2214 1709 2245 ‚

399 2263 432 2315 5
462 2271 589 2313 cum
619 2272 875 2331 genuere
900 2255 1080 2312 virum
1104 2252 1200 2313 tali
1228 2270 1353 2313 cum
1380 2252 1553 2313 corde
1575 2262 1863 2332 repertum
1880 2298 1897 2330 ‚

456 2339 640 2395 omnia
662 2336 920 2397 veridico
945 2339 1039 2416 qui
1065 2337 1344 2416 quondam
1377 2355 1453 2397 ex
1477 2355 1576 2396 ore
1602 2335 1879 2415 profudit;

456 2422 616 2481 cuius
635 2466 653 2498 ‚
679 2429 738 2481 et
762 2422 1031 2498 extincti,
1063 2430 1303 2500 propter
1326 2420 1509 2480 divina
1530 2430 1759 2499 reperta

449 2502 739 2582 ,divolgata
763 2515 929 2565 vetus
954 2506 1061 2564 iam
1082 2504 1153 2564 ad
1180 2502 1400 2565 caelum
1422 2504 1604 2581 gloria
1626 2503 1820 2563 fertur.

452 2605 578 2649 nam
603 2607 730 2648 cum
755 2589 894 2648 vidit
922 2587 1019 2648 hic
1047 2587 1116 2647 ad
1137 2590 1349 2648 victum
1373 2606 1518 2666 quae
1543 2587 1754 2665 flagitat
1777 2605 1913 2647 usus

360 2683 430 2735 10
454 2675 635 2732 omnia
658 2674 766 2732 iam
789 2672 969 2732 ferme
991 2671 1322 2732 mortalibus
1352 2690 1486 2732 esse
1509 2681 1733 2751 parata,

452 2765 510 2815 et
527 2802 543 2833 ‚
570 2770 846 2835 proquam
870 2765 1107 2835 posset,
1137 2757 1307 2815 vitam
1333 2757 1651 2816 consistere
1668 2764 1845 2841 tutam
1861 2800 1878 2830 ‚

452 2839 657 2899 divitiis
681 2839 941 2899 homines
966 2848 1024 2899 et
1047 2839 1265 2899 honore
1290 2848 1348 2899 et
1369 2838 1535 2899 laude
1557 2839 1808 2918 potentis

449 2922 688 2983 affluere
712 2934 880 3002 atque
905 2923 1054 2983 bona
1074 2932 1370 3000 gnatorum
1397 2922 1692 2983 excellere
1713 2922 1857 2981 fama
1872 2967 1890 2999 ,

447 3025 559 3066 nec
580 3007 761 3068 minus
789 3026 923 3068 esse
949 3005 1099 3066 domi
1123 3008 1379 3086 cuiquam
1401 3015 1585 3067 tamen
1608 3007 1768 3066 anxia
1791 3004 1963 3065 corda
1978 3050 1998 3082 ‚

352 3100 418 3153 15
443 3100 611 3168 atque
633 3092 797 3151 anImi
821 3092 1053 3168 ingratis
1077 3091 1249 3151 vitam
1270 3108 1482 3151 vexare
1505 3093 1718 3151 timore

411 3173 687 3243 ,faustam
709 3184 879 3254 atque
900 3174 1123 3236 infestis
1150 3175 1282 3251 cogi
1306 3175 1530 3234 saevire
1556 3172 1863 3253 querellis,

447 3256 732 3335 intellegit
753 3259 832 3318 ihi
853 3259 1047 3318 vitium
1071 3275 1173 3318 vas
1203 3257 1442 3318 efficere
1464 3258 1650 3337 ipsum
1666 3303 1685 3334 ‚

451 3342 749 3420 omniaque
773 3340 924 3401 illius
955 3341 1094 3401 vitio
1123 3342 1478 3419 corrumpier
1500 3343 1686 3418 intus„

451 3442 595 3505 quae
623 3423 843 3484 conlata
868 3424 1006 3485 foris
1027 3471 1044 3503 ,
1073 3435 1132 3485 et
1157 3424 1451 3484 commoda
1469 3470 1486 3503 ,
1516 3442 1759 3504 cumque
1783 3423 2081 3488 venitent:
