2409 3825
1144 160 1227 220 IV

351 330 538 390 donec
559 331 615 389 in
639 329 943 389 obscurum
970 332 1098 391 coni
1122 332 1390 391 conduxit
1412 350 1667 394 acumen.

211 423 324 478 430
347 417 403 474 in
429 413 642 493 pelago
662 414 847 474 nautis
872 431 947 473 ex
966 413 1128 473 undis
1154 418 1312 475 orius
1335 419 1392 474 in
1413 416 1576 477 undis

344 498 439 567 ‚sol
465 498 525 558 fit
546 500 626 557 uti
649 496 906 557 videatur
930 496 1090 557 obire
1114 508 1174 558 et
1198 499 1450 561 condere
1475 499 1692 572 lumem

353 584 566 661 quippe
590 583 686 640 ubi
705 580 782 640 nil
807 579 956 640 aliud
976 583 1086 642 nisi
1107 600 1307 661 aquam
1332 583 1668 662 caelumque
1692 595 1922 647 tuentur

351 686 424 725 ne
446 664 653 726 leviter
677 664 878 725 eredas
901 664 1233 726 labefactari
1258 666 1505 746 undique
1531 687 1755 730 sensus,

354 761 407 810 at
429 751 596 809 maris
621 750 829 827 ignaris
853 751 907 808 in
930 758 1100 827 portu
1122 749 1323 811 clauda
1345 751 1607 813 videntur

218 842 327 895 435
353 834 573 910 navigia
595 831 864 911 aplustris
889 833 1084 895 fractis
1109 833 1355 895 obnitier
1376 834 1575 896 undae.

352 936 478 979 nam
501 935 892 995 quaecumque
915 935 1086 995 supra
1109 935 1298 978 rorem
1320 918 1455 980 salis
1479 920 1628 980 edita
1651 938 1782 1000 pars
1807 932 1896 982 est

352 1018 638 1061 remorum
653 1046 671 1078 ‚
695 1010 856 1060 recta
879 1010 1003 1077 est,
1029 1011 1088 1061 et
1108 1011 1269 1061 reeta
1291 1021 1538 1083 superne
1568 1004 1854 1080 guberna:

355 1101 500 1164 quae
524 1084 784 1146 demersa
807 1083 1089 1164 liquorem
1113 1085 1359 1163 obeunt,
1382 1086 1628 1147 refracta
1648 1088 1912 1149 videntur

353 1169 537 1227 omnia
566 1171 822 1229 converti
842 1187 1179 1246 sursumque
1204 1172 1404 1248 supina
1426 1173 1638 1231 reverti

220 1261 333 1314 440
353 1261 413 1313 et
434 1251 650 1311 reflexa
674 1270 858 1331 prope
882 1254 937 1311 in
961 1270 1179 1312 summo
1201 1253 1422 1314 fluitare
1441 1253 1685 1333 liquore.

351 1354 587 1413 raraque
612 1354 719 1414 per
738 1334 961 1396 eaelum
982 1353 1109 1411 cum
1130 1339 1285 1397 venti
1308 1336 1497 1397 nubila
1514 1348 1739 1418 portant

352 1430 612 1497 tempore
635 1430 916 1480 nocturno
933 1465 950 1497 ,
980 1429 1098 1479 tum
1120 1419 1417 1498 splendida
1439 1423 1600 1499 signa
1619 1421 1878 1482 videntur

351 1503 532 1564 labier
552 1502 852 1564 adversum
874 1504 1095 1563 nimbos
1117 1514 1287 1582 atque
1310 1506 1394 1564 ire
1421 1524 1669 1584 superne

352 1586 525 1664 longe
548 1585 709 1646 aliam
731 1590 788 1646 in
811 1598 1027 1666 partem
1049 1606 1116 1647 ao
1137 1606 1273 1648 vera
1295 1590 1513 1648 ratione
1535 1588 1806 1648 feruntur.

219 1681 332 1734 445
354 1682 410 1732 at
434 1673 480 1730 si
506 1669 654 1730 forte
683 1669 854 1730 oculo
877 1689 1072 1731 manus
1095 1673 1187 1730 uni
1211 1672 1435 1732 subdita
1460 1682 1660 1750 supter

354 1756 567 1835 pressit
591 1772 719 1815 eum
736 1801 754 1832 ‚
780 1754 1022 1834 quodam
1044 1773 1219 1815 sensu
1246 1756 1305 1816 fit
1334 1757 1413 1814 uti
1435 1755 1731 1814 videantur

356 1841 572 1916 omnia,
596 1856 742 1918 quae
763 1840 968 1899 tuimur
983 1884 1001 1916 ‚
1028 1840 1147 1898 fieri
1171 1850 1287 1899 tum
1309 1841 1438 1900 bina
1461 1839 1706 1919 tuendo,

356 1924 484 1984 bina
505 1923 865 1983 lucernarum
885 1922 1142 1983 florentia
1170 1924 1377 1984 lumina
1400 1924 1633 1984 flammis
1648 1970 1667 2003 ,

354 2008 597 2086 binaque
620 2026 728 2086 per
746 2017 893 2067 totas
916 2008 1072 2067 aedis
1096 2010 1385 2084 geminare
1410 2007 1677 2087 supellex
1693 2055 1710 2086 ‚

214 2100 329 2153 450
355 2101 414 2152 et
438 2089 679 2169 dupIIcis
702 2090 986 2151 hominum
1008 2092 1187 2152 facies
1212 2101 1270 2151 et
1298 2109 1539 2171 corpora
1560 2092 1706 2152 bina.

356 2175 600 2253 denique
627 2193 754 2233 cum
776 2176 933 2235 suavi
957 2174 1209 2234 devinxit
1229 2176 1479 2236 membra
1503 2193 1715 2254 sopore

355 2277 586 2320 somnus
616 2268 674 2317 et
697 2260 752 2317 in
777 2276 990 2319 summa
1020 2276 1230 2338 eorpus
1252 2259 1401 2319 iacet
1422 2278 1587 2319 omne
1611 2261 1837 2338 quiete,

354 2352 473 2403 tum
495 2340 734 2418 vigilare
763 2352 950 2402 tamen
970 2344 1135 2404 nobis
1161 2352 1221 2402 et
1242 2344 1491 2403 membra
1512 2360 1745 2403 movere

354 2435 548 2486 nostra
568 2425 855 2503 videmur,
889 2435 945 2485 et
969 2428 1025 2484 in
1049 2429 1235 2486 noetis
1262 2426 1504 2504 caligine
1534 2445 1706 2486 caeca

216 2517 329 2570 455
355 2527 594 2571 eernere
618 2528 918 2570 censemus
942 2509 1127 2570 solem
1149 2509 1453 2587 lumenque
1479 2509 1730 2569 diurnum
1748 2555 1766 2587 ,

355 2591 749 2672 conclusoque
769 2591 905 2654 loco
932 2592 1151 2653 caelum
1175 2611 1328 2653 mare
1353 2594 1574 2654 flumina
1596 2594 1799 2653 montis

352 2686 568 2737 mutare
591 2687 650 2737 et
672 2694 905 2755 campos
929 2677 1171 2756 pedibus
1194 2678 1431 2737 transire
1455 2675 1709 2735 videmur
1725 2721 1743 2752 ‚

353 2771 413 2822 et
437 2761 654 2821 sonitus
674 2759 864 2820 audire
879 2807 897 2838 ‚
920 2780 1125 2821 severa
1146 2760 1368 2820 silentia
1388 2761 1572 2819 noctis

352 2844 601 2923 undique
635 2863 763 2905 eum
787 2853 1083 2922 constent,
1106 2853 1165 2904 et
1193 2843 1438 2904 reddere
1462 2842 1610 2902 dicta
1632 2851 1913 2904 tacentes·

220 2936 331 2990 460
355 2937 548 2989 cetera
570 2928 640 2988 de
663 2946 882 3005 genere
903 2929 1017 2988 hoc
1039 2926 1308 2988 miracula
1333 2926 1505 2987 multa
1524 2926 1780 2986 videmus
1794 2971 1815 3004 ,
1876 2989 1879 2990 γ

353 3030 499 3090 quae
523 3010 739 3072 violare
767 3011 934 3072 fidem
957 3014 1117 3091 quasi
1146 3012 1410 3073 sensibus
1435 3012 1615 3071 omnia
1640 3019 1912 3089 quaerunt
1928 3056 1949 3087 ‚

352 3098 725 3175 nequiquam,
752 3097 1013 3173 quoniam
1036 3113 1167 3176 pars
1188 3094 1389 3156 horum
1415 3097 1648 3153 maxima
1675 3091 1818 3152 fallit

353 3189 594 3259 propter
615 3182 875 3258 opinatus
898 3181 1099 3256 animi,
1127 3197 1272 3258 quos
1296 3177 1547 3237 addimus
1576 3180 1718 3256 ipsi,

353 3281 459 3343 pro
480 3266 621 3325 visis
644 3272 703 3322 ut
726 3265 837 3343 sint
863 3281 1007 3342 quae
1029 3280 1142 3322 non
1166 3273 1295 3342 sunt
1320 3262 1571 3323 sensibu’
1598 3264 1747 3321 visa:

219 3354 329 3409 465
353 3366 478 3408 nam
501 3348 579 3407 nil
600 3350 829 3425 aegrius
853 3357 942 3410 est
965 3365 1130 3425 quam
1149 3365 1246 3406 res
1274 3363 1584 3406 secernere
1609 3355 1836 3423 apertas

352 3432 422 3492 ab
448 3431 630 3492 dubiis
646 3478 666 3509 ‚
697 3432 912 3491 animus
936 3449 1075 3510 quas
1098 3431 1167 3490 ab
1200 3449 1266 3490 se
1295 3432 1547 3507 protinus
1571 3429 1741 3487 addit.

2059 166 2181 232 103
