2409 3825
1141 231 1233 291 vl

229 405 338 459 625
360 413 468 454 una
491 404 664 455 nocte
688 398 808 453 vias
841 393 1100 470 quoniam
1126 413 1413 474 persaepe
1443 395 1699 455 videmus

366 480 570 539 siccari
593 476 898 555 mollisque
923 475 1025 537 luti
1055 496 1440 539 concrescere
1467 488 1703 540 crustas.

366 571 666 641 praeterea
689 561 858 620 docui
877 560 1108 622 multum
1132 580 1361 641 quoque
1380 561 1588 622 tollere
1610 564 1793 622 nubes

366 663 619 706 umorem
651 663 856 721 magno
884 656 1229 724 conceptum
1255 664 1331 706 ex
1361 664 1614 725 aequore
1638 647 1830 725 ponti,

367 738 425 789 et
448 731 660 807 passim
687 738 810 789 toto
833 738 1108 789 terrarum
1132 748 1410 808 spargere
1438 732 1492 789 in
1517 731 1672 807 orbi,

237 823 348 877 630
372 832 499 873 cum
528 812 671 891 pluit
694 815 939 873 interris
966 822 1024 872 et
1047 816 1200 873 venti
1225 812 1415 873 nubila
1438 824 1680 891 portant.

367 907 661 976 postremo
694 898 954 975 quoniam
974 916 1103 957 raro
1138 915 1265 958 cum
1292 915 1536 974 corpore
1560 897 1733 958 tellus

372 991 494 1058 est,
518 991 576 1041 et
602 984 991 1058 coniunctast,
1020 999 1149 1041 oras
1171 983 1338 1041 maris
1370 980 1616 1060 undique
1643 984 1879 1059 cingens
1896 1028 1914 1058 ,

372 1065 580 1142 debet,
604 1067 743 1124 utin
772 1082 925 1124 mare
952 1064 1023 1125 de
1047 1067 1215 1125 terris
1237 1066 1393 1125 venit
1415 1082 1575 1124 umor
1598 1069 1793 1145 aquai,

367 1152 423 1208 in
445 1158 627 1209 terras
650 1147 843 1209 itidem
865 1166 1089 1209 manare
1114 1168 1189 1209 ex
1212 1166 1466 1227 aequore
1497 1148 1678 1209 salso:

235 1242 346 1298 635
376 1232 704 1314 percolatur
727 1235 875 1292 enim
898 1236 1052 1293 virus
1073 1279 1090 1310 ‚
1115 1241 1387 1311 retroque
1411 1244 1660 1292 remanat

370 1318 635 1377 materies
660 1319 869 1377 umoris
894 1326 953 1376 et
982 1317 1051 1377 ad
1077 1326 1246 1395 caput
1277 1317 1530 1376 amnibus
1560 1319 1740 1376 omnis

374 1401 640 1477 confluit,
665 1400 796 1461 inde
820 1419 997 1478 super
1019 1410 1199 1460 terras
1223 1400 1370 1461 redit
1400 1401 1622 1477 agmine
1649 1399 1800 1460 dulci

375 1503 484 1564 qua
505 1487 597 1544 via
617 1495 778 1546 secta
800 1484 982 1544 semel
1007 1484 1223 1564 liquido
1246 1484 1399 1563 pede
1425 1483 1625 1544 detulit
1646 1483 1841 1543 undas.
1893 1482 1919 1564 ΙΙ

457 1569 620 1629 Nunc
643 1571 785 1629 ratio
813 1587 957 1647 quae
981 1570 1087 1645 sit,
1111 1587 1219 1648 per
1241 1569 1440 1629 fauces
1463 1570 1668 1628 montis
1689 1578 1749 1628 ut
1775 1568 1993 1628 Aetnae

233 1640 346 1718 640
374 1655 637 1734 expirent
661 1655 826 1732 ignes
849 1652 1128 1713 interdum
1151 1653 1376 1714 turbine
1399 1661 1555 1711 tanto
1570 1697 1588 1729 ‚

375 1737 702 1817 expediam:
728 1756 917 1816 neque
941 1739 1091 1797 enim
1112 1736 1389 1798 mediocri
1413 1735 1577 1796 clade
1603 1746 1798 1796 coorta

377 1822 629 1882 flammea
651 1831 965 1900 tempestas
989 1821 1243 1882 Siculum
1267 1821 1543 1880 dominata
1565 1838 1672 1898 per
1690 1839 1860 1896 agros

376 1907 618 1967 finitimis
640 1905 709 1967 ad
734 1927 798 1968 se
829 1907 1110 1967 convertit
1132 1907 1400 1985 gentibus
1424 1923 1523 1965 ora
1539 1950 1555 1981 ‚

376 1991 583 2051 fumida
607 2009 734 2052 cum
760 1991 905 2051 caeli
930 1990 1239 2051 scintillare
1265 1992 1445 2051 omnia
1469 1989 1680 2068 templa

241 2084 352 2139 645
382 2085 686 2136 cernentes
714 2075 915 2154 pavida
942 2075 1307 2154 complebant
1329 2083 1566 2153 pectora
1592 2090 1723 2132 cura
1740 2119 1758 2149 ,

380 2159 513 2239 quid
536 2158 830 2219 moliretur
852 2177 1039 2219 rerum
1062 2169 1258 2219 natura
1279 2176 1566 2219 novarum.

462 2243 637 2304 Hisce
658 2243 759 2303 tibi
784 2244 839 2302 in
862 2245 1035 2304 rebus
1056 2242 1228 2304 latest
1249 2243 1479 2321 alteque
1499 2240 1799 2302 videndum

381 2336 439 2386 et
463 2326 636 2405 longe
665 2336 897 2388 cunctas
921 2329 977 2387 in
999 2328 1174 2406 partis
1198 2325 1609 2404 dispiciendum
1625 2371 1643 2402 ,

381 2421 443 2470 ut
465 2413 846 2472 reminiscaris
878 2430 1146 2472 summam
1166 2429 1356 2473 rerum
1378 2428 1512 2471 esse
1536 2407 1866 2487 profundam
1882 2452 1900 2484 ,

244 2504 355 2557 650
384 2505 443 2555 et
465 2496 661 2556 videas
686 2494 907 2556 caelum
929 2497 1159 2556 summai
1184 2497 1357 2556 totius
1382 2510 1548 2553 unum

385 2598 550 2656 quam
573 2581 646 2640 sit
666 2579 900 2657 parvula
927 2598 1058 2658 pars
1086 2589 1145 2640 et
1169 2598 1333 2657 quam
1354 2575 1671 2636 multesima
1696 2583 1952 2648 constet,

385 2681 497 2723 nec
519 2672 635 2723 tota
660 2682 793 2742 pars
810 2709 827 2740 ‚
857 2663 1027 2723 homo
1053 2665 1225 2723 terrai
1249 2671 1421 2740 quota
1444 2661 1800 2720 totius-unus.

387 2748 541 2825 quod
566 2747 712 2806 bene
741 2750 1094 2826 propositum
1128 2749 1176 2807 si
1199 2746 1369 2825 plane
1395 2752 1699 2804 contueare

386 2848 455 2890 ac
475 2830 670 2890 videas
693 2830 895 2909 plane,
920 2833 1104 2891 mirari
1126 2830 1300 2890 multa
1320 2829 1626 2908 relinquas.

250 2924 314 2975 6·
290 2925 359 2973 κ’)
388 2917 650 2992 numquis
676 2916 824 2974 enim
844 2926 1098 2975 nostrum
1121 2918 1350 2974 miratur
1366 2914 1585 2991 ‚siquis
1610 2912 1664 2969 in
1688 2920 1840 2968 artus

387 3001 616 3077 accepit
641 2997 823 3058 calido
847 2999 1049 3059 febrim
1073 2999 1304 3058 fervore
1334 3007 1584 3058 coortam

386 3091 480 3140 aut
504 3080 670 3140 alium
695 3085 954 3160 quemvis
976 3083 1156 3142 morbi
1182 3100 1289 3161 per
1309 3081 1558 3141 membra
1582 3078 1869 3138 dolorem.
1849 3074 1877 3118 ‘-'

392 3169 751 3243 opturgescit
771 3169 918 3226 enim
941 3166 1128 3226 subito
1153 3185 1294 3244 pes
1320 3167 1514 3242 arripit
1541 3182 1677 3223 acer

389 3268 567 3327 saepe
593 3248 758 3313 dolor
786 3250 1020 3326 dentes,
1046 3250 1251 3310 oculos
1278 3249 1522 3308 invadit
1507 3267 1561 3305 m
1582 3247 1740 3325 ipsos
1758 3291 1776 3321 ‚

251 3341 365 3395 660
391 3334 582 3392 existit
606 3352 771 3393 sacer
792 3336 940 3411 ignis
968 3343 1025 3392 et
1044 3335 1151 3392 urit
1182 3351 1425 3410 corpore
1449 3349 1690 3408 serpens

394 3434 806 3494 quamcumque
832 3419 1063 3494 arripuit
1089 3418 1287 3494 partim
1307 3461 1325 3492 ‚
1353 3417 1614 3492 repitque
1639 3429 1744 3490 per
1765 3421 1915 3469 artus
1933 3452 1951 3482 ,
2006 3386 2013 3399 ¹

393 3501 649 3559 nimirum
668 3546 685 3578 ‚
714 3502 842 3579 quia
866 3510 994 3560 sunt
1017 3500 1308 3558 multarum
1334 3500 1545 3558 semina
1569 3512 1755 3555 rerum
1772 3538 1789 3569 ‚

2074 232 2189 296 181
