2409 3825
280 172 362 233 26
1273 166 1299 224 l

453 357 578 399 cum
602 337 735 397 dare
765 345 1036 395 conantur
1052 380 1069 412 ‚
1094 336 1252 414 prius
1278 351 1405 395 oras
1422 380 1439 412 ‚
1473 334 1681 414 pocula
1707 336 1917 395 circum
1934 381 1952 414 ‚

453 424 784 498 contingunt
804 418 993 480 mellis
1016 418 1168 478 dulci
1194 418 1459 497 flavoque
1483 418 1707 498 liquore
1724 465 1741 496 ‚

449 517 511 567 ut
532 520 839 585 puerorum
861 513 1018 564 aetas
1042 502 1337 582 inprovida
1360 502 1682 564 ludificetur

325 601 428 654 940
448 590 731 650 labrorum
753 597 919 648 tenus
939 633 956 664 ‚
981 589 1198 646 interea
1220 597 1490 666 perpotet
1512 605 1754 648 amarum

450 673 690 735 absinthi
716 671 975 747 laticem,
1002 670 1363 749 deceptaque
1386 689 1499 731 non
1527 672 1811 750 capiatur,

454 759 558 820 sed
583 758 774 837 potius
797 754 894 815 tali
917 764 1088 833 pacto
1112 765 1370 829 recreata
1391 754 1681 832 valescat,

454 846 540 903 sic
563 858 676 919 ego
700 857 850 900 nunc
870 884 887 916 ‚
921 841 1181 917 quoniam
1203 838 1350 899 haec
1376 841 1519 899 ratio
1544 838 1879 918 plerumque
1900 840 2136 902 videtur

455 927 668 987 tristior
690 941 825 984 esse
850 924 1054 1001 quibus
1076 940 1189 983 non
1213 932 1304 983 est
1327 933 1561 983 tractata
1578 969 1595 1000 ‚
1619 932 1891 1002 retroque

327 1023 428 1077 945
453 1008 661 1086 volgus
684 1006 953 1068 abhorret
977 1008 1046 1066 ab
1070 1006 1177 1066 hac
1196 1053 1214 1084 ‚
1238 1006 1393 1067 volui
1415 1009 1518 1067 tibi
1544 1007 1961 1087 suaviloquenti

457 1095 698 1155 carmine
723 1090 908 1151 Pierio
931 1093 1205 1151 rationem
1228 1109 1521 1170 exponere
1544 1102 1792 1152 nostram

455 1188 512 1239 et
538 1177 698 1256 quasi
719 1192 950 1236 musaeo
973 1174 1124 1235 dulci
1150 1177 1485 1253 contingere
1506 1175 1710 1245 melle3

451 1266 500 1323 si
521 1262 627 1321 tibi
652 1259 799 1319 forte
823 1261 1060 1319 animum
1083 1258 1180 1318 tali
1202 1261 1420 1320 ratione
1443 1269 1644 1320 tenere

456 1346 714 1406 versibus
737 1346 792 1403 in
812 1345 1023 1405 nostris
1045 1361 1280 1422 possem
1295 1389 1313 1422 ‚
1340 1344 1470 1404 dum
1494 1345 1778 1423 perspicis
1802 1361 2026 1404 omnem

326 1441 430 1495 950
454 1438 702 1490 naturam
728 1446 947 1505 rerum,
976 1446 1084 1506 qua
1109 1437 1337 1488 constet
1361 1438 1586 1507 compta
1610 1429 1803 1505 figura.

540 1513 654 1573 Sed
681 1514 939 1591 quoniam
960 1511 1128 1571 docui
1154 1511 1494 1573 solidissima
1516 1513 1764 1572 materiai

458 1614 699 1676 corpora
722 1605 1005 1675 perpetuo
1027 1595 1268 1656 volitare
1297 1599 1504 1657 invicta
1526 1614 1632 1675 per
1655 1612 1855 1655 aevom
1875 1641 1892 1672 ‚

454 1701 603 1742 nunc
625 1699 733 1759 age
751 1726 768 1757 ‚
795 1682 1027 1740 summai
1050 1680 1325 1759 quaedam
1346 1682 1420 1741 sit
1443 1681 1567 1740 finis
1597 1697 1793 1740 eorum
1811 1725 1828 1755 ‚

455 1784 640 1826 necne
663 1767 768 1841 sit,
795 1764 1153 1825 evolvamus:
1176 1766 1313 1826 item
1336 1764 1490 1844 quod
1508 1766 1673 1824 inane
1693 1772 2041 1842 repertumst

331 1861 431 1916 955
457 1869 560 1912 seu
584 1849 750 1908 locus
771 1865 839 1907 ac
864 1850 1135 1928 spatium,
1171 1850 1345 1909 resin
1369 1866 1481 1928 quo
1506 1865 1767 1929 quaeque
1788 1857 2092 1926 gerantur,

458 1932 853 2015 pervideamus
877 1943 1060 1993 utrum
1085 1933 1296 1993 finitum
1319 1932 1568 1993 funditus
1596 1950 1761 1993 omne

460 2027 718 2094 constet,
743 2035 812 2076 an
833 2019 1162 2078 immensum
1182 2025 1374 2096 pateat
1393 2025 1671 2096 vasteque
1694 2015 2051 2095 profundum.

543 2102 721 2162 Omne
746 2101 1014 2180 quod‘est
1035 2103 1207 2179 igitur
1227 2100 1380 2161 nulla
1397 2103 1637 2180 regione
1656 2103 1866 2161 viarum

460 2190 726 2248 finitumst
748 2206 761 2246 t
785 2204 1026 2264 namque
1051 2195 1363 2246 extremum
1385 2185 1633 2247 debebat
1654 2185 1898 2245 habere:

332 2282 436 2338 960
458 2281 770 2333 extremum
793 2287 967 2349 porro
992 2269 1201 2331 nullius
1227 2288 1405 2348 posse
1427 2270 1653 2351 videtur

459 2374 593 2416 esse
610 2401 627 2433 ‚
651 2355 759 2416 nisi
784 2353 930 2414 ultra
957 2355 1030 2414 sit
1057 2353 1210 2434 quod
1234 2355 1415 2424 finiat3
1437 2364 1498 2414 ut
1519 2354 1777 2414 videatur

459 2456 573 2520 quo
598 2456 710 2499 non
733 2438 958 2516 longius
992 2437 1136 2498 haec
1160 2457 1365 2499 sensus
1388 2448 1582 2499 natura
1605 2444 1892 2516 sequatur.

459 2543 608 2583 nunc
631 2532 789 2600 extra
810 2539 1077 2583 summam
1100 2525 1363 2602 quoniam
1381 2522 1459 2583 nil
1484 2540 1619 2583 esse
1641 2520 1958 2596 fatendum,

458 2626 571 2669 non
593 2606 766 2667 habet
790 2617 1101 2667 extremum
1115 2652 1132 2684 ‚
1160 2616 1317 2668 caret
1340 2624 1483 2685 ergo
1507 2607 1616 2667 fine
1638 2605 1939 2683 modoque.

331 2702 433 2758 965
457 2711 567 2753 nec
590 2691 768 2752 refert
792 2691 996 2770 quibus
1022 2690 1261 2752 adsistas
1283 2691 1615 2770 regionibus
1638 2691 1793 2750 eius:

457 2795 639 2855 usque
662 2775 808 2837 adeo
824 2821 841 2853 ‚
868 2792 1037 2854 quem
1060 2776 1304 2853 quisque
1327 2774 1518 2835 locum
1536 2774 1829 2853 possedit,
1866 2773 1921 2831 in
1944 2774 2129 2835 omnis

457 2860 781 2921 tantundem
803 2860 979 2938 partis
1002 2859 1272 2918 inlinitum
1291 2876 1456 2920 omne
1477 2858 1761 2938 relinquit.

459 2952 762 3024 praeterea
785 2946 833 3004 si
857 2945 965 3003 iam
987 2943 1197 3003 linitum
1222 2945 1595 3004 constituatur

460 3046 626 3090 omne
650 3026 804 3107 quod
828 3036 919 3088 est
940 3029 1181 3106 spatium
1195 3073 1213 3105 ‚
1238 3029 1417 3107 siquis
1440 3033 1737 3117 procurrat
1758 3023 1828 3084 ad
1850 3040 1982 3084 oras

330 3120 435 3176 970
452 3113 683 3172 ultimus
706 3119 989 3173 extremas
1009 3113 1291 3191 iaciatque
1314 3111 1549 3173 volatile
1570 3108 1746 3172 telum
1763 3152 1783 3186 ‚

455 3195 513 3256 id
533 3195 734 3255 validis
757 3203 940 3259 utrum
964 3205 1282 3257 contortum
1301 3196 1514 3256 viribus
1535 3197 1619 3255 ire

458 3295 573 3358 quo
597 3277 768 3338 fuerit
788 3278 1019 3338 missum
1039 3281 1218 3341 mavis
1240 3279 1532 3359 longeque
1552 3277 1750 3339 volare
1764 3323 1783 3355 ‚

459 3355 529 3420 an
555 3360 863 3438 prohibere
884 3359 1094 3440 aliquid
1125 3382 1334 3425 censes
1358 3363 1706 3441 obstareque
1727 3376 1906 3440 posse
1919 3356 1950 3419 7

459 3442 784 3503 alterutrum
807 3442 1036 3506 fatearis
1060 3448 1209 3506 enim
1231 3463 1534 3525 sumasque
1551 3451 1879 3506 necessest.
