2409 3825
346 116 435 182 58
1157 117 1461 174 oux-‘Lm
1965 147 1970 148 f
2006 118 2266 192 {vam

379 285 446 347 60
555 282 679 349 Per
720 280 1000 346 medium
1042 281 1304 345 sensim1
1320 282 1553 344 transit
1594 280 1719 345 iter
1758 280 2013 365 populi,
2364 285 2367 426 ‹

474 366 679 432 Dulce
720 366 950 432 viatori
992 366 1162 430 lasso
1204 364 1277 428 in
1318 364 1546 429 sudore
1589 365 1909 447 levamen,
1953 391 1960 396 ·

561 450 724 518 Cum
765 450 978 535 gravis
1023 451 1279 514 exustos
1322 451 1534 514 aestus
1577 448 1820 513 hiulcat
1860 470 2087 533 agros:

476 536 630 616 Hic,
677 534 855 600 velut
893 534 965 598 in
1003 534 1193 618 nigro
1237 533 1486 597 iactatis
1528 533 1785 597 turbine
1826 533 2039 597 nautis

560 620 795 685 Lenius
840 640 907 683 as
953 618 1125 682 irans
1170 639 1324 681 aura
1365 616 1644 681 secunda
1683 617 1860 681 venit

377 718 444 768 65
467 703 605 769 Iam
693 725 835 767 rece
933 702 1156 766 ollucis
1168 750 1187 783 ,
1234 702 1360 764 iam
1405 698 1696 766 Castoris
1732 701 2082 786 inplorata,

562 788 658 852 Ta
684 809 718 852 e
759 787 884 851 fuit
924 786 1112 850 nobis
1156 784 1410 849 Manius
1454 785 1775 850 auxilium.
2363 735 2367 844 l

475 871 541 938 Is
587 873 831 937 clusum
873 871 1003 934 lato
1046 869 1350 954 patefecit
1389 870 1594 946 limite
1640 891 1778 934 cam
1823 890 1931 932 um
1943 917 1964 951 ,

560 954 750 1040 Isque
795 955 1054 1019 domum
1093 953 1282 1018 nobis
1325 952 1503 1037 isque
1548 953 1724 1018 dedit
1809 953 2092 1017 ominam
2101 1002 2124 1037 ,

475 1040 581 1103 Ad
596 1051 814 1122 *quam
857 1058 1223 1103 communes
1267 1059 1699 1103 exerceremus
1742 1059 2008 1101 amores,

375 1137 446 1189 70
559 1122 698 1199 Quo
742 1143 884 1187 mea
924 1143 995 1186 se
1037 1122 1218 1186 molli
1261 1121 1527 1185 candida
1569 1121 1715 1185 diva
1755 1122 1916 1205 pede

474 1206 704 1273 Intulit
745 1209 812 1271 et
849 1206 1002 1270 trito
1045 1206 1400 1291 fulgentem
1441 1206 1512 1271 in
1553 1205 1775 1269 limine
1818 1206 2106 1288 plantam

559 1290 790 1356 Innixa
831 1292 1059 1376 arguta
1100 1290 1437 1355 constituit
1477 1290 1681 1373 solea,

478 1375 788 1460 Coniugis
834 1378 908 1440 ut
947 1374 1269 1459 quondam
1310 1374 1591 1459 flagrans
1635 1373 1892 1438 advenit
1932 1394 2150 1438 amore

558 1460 1011 1525 Protesilaeam
1053 1457 1398 1523 Laudamia
1439 1458 1699 1524 domum

377 1558 444 1608 ‘15
473 1545 804 1629 Inceptam
845 1544 1111 1625 frustra,
1156 1543 1443 1606 nondum
1488 1564 1633 1607 cum
1676 1542 1983 1627 sanguine
2029 1562 2213 1607 sacro

559 1629 792 1694 Hostia
836 1627 1124 1692 caelestis
1166 1627 1564 1710 pacificasset
1606 1648 1768 1692 eros.
2175 1637 2178 1638 ’

474 1713 592 1779 Nil
632 1712 792 1777 mihi
832 1714 967 1775 tam
1008 1710 1191 1776 valde
1234 1711 1514 1808 placeat,
1559 1709 1955 1775 Rhamnusia
1995 1710 2214 1795 virgo,

565 1795 748 1872 Quod
789 1798 1026 1859 temere
1069 1795 1289 1860 invitls
1333 1795 1713 1878 suscipiatur
1755 1794 1897 1862 eriS.
2004 1813 2040 1842 -‘

475 1881 681 1957 Quam
722 1880 935 1945 ieiuna
973 1880 1152 1963 pium
1194 1878 1508 1944 desideret
1550 1901 1660 1944 ara
1701 1900 2020 1963 cruorem,

373 1978 446 2028 80
556 1965 828 2031 Doctast
868 1967 1102 2029 amisso
1144 1963 1494 2029 Laudamia
1535 1965 1702 2047 vim,

477 2049 782 2135 Coniugis
827 2052 974 2113 ante
1020 2051 1241 2113 coacta
1281 2049 1435 2113 novi
1477 2048 1794 2113 dimittere
1837 2048 2102 2129 collum,

561 2132 763 2209 Quam
806 2133 1068 2197 veniens
1111 2154 1240 2197 una
1282 2136 1470 2216 atque
1513 2133 1711 2196 altera
1750 2154 1968 2196 rursus
2022 2131 2284 2217 hiemps

471 2216 789 2284 Noctibus
832 2216 902 2279 in
944 2217 1181 2301 longis·
1201 2216 1457 2281 avidum
1501 2219 1846 2280 saturasset
1884 2236 2202 2295 amorem,

561 2300 790 2365 Posset
829 2303 904 2364 ut
946 2300 1216 2384 abrupto
1259 2301 1471 2365 vivere
1514 2300 1814 2385 coniugio
1829 2348 1847 2382 ‚

372 2399 444 2450 85
475 2385 658 2461 Quod
703 2385 942 2449 scirant
981 2383 1219 2448 Parcae
1262 2406 1397 2449 non
1438 2385 1635 2469 longo
1679 2387 1966 2468 tempore
2021 2384 2284 2470 adesse,

561 2469 631 2534 Si
671 2469 855 2533 miles
898 2489 1115 2533 muros
1157 2470 1315 2533 isset
1356 2469 1435 2533 ad
1475 2467 1738 2534 Iliacos:

474 2552 645 2619 Nam
685 2557 824 2618 tum
865 2551 1151 2617 Helenae
1193 2575 1266 2616 ra
1309 2555 1382 2616 tu
1423 2553 1733 2636 primores
1775 2552 2168 2637 Argivorum

563 2636 879 2721 Coeperat
922 2637 1001 2700 ad
1045 2658 1183 2701 sese
1316 2637 1419 2700 oia
1463 2637 1626 2701 ciere
1668 2637 1864 2718 virm,

473 2722 665 2787 Troia
721 2719 953 2807 (nefas)
1013 2741 1349 2786 commune
1401 2720 1769 2803 sepulcrum
1820 2719 2017 2784 Asiae
2068 2719 2278 2786 Euro-

369 2904 444 2954 90
556 2889 748 2954 Troia
789 2890 995 2955 virum
1039 2892 1107 2954 et
1145 2889 1453 2954 virtutum
1482 2826 2036 2986 offlffiez'merba
2077 2888 2279 2985 ciniS‚

474 2973 732 3050 Quaene
776 2974 968 3039 etiam
1010 2977 1233 3038 nostro
1277 2974 1476 3037 letum
1520 2972 1879 3037 miserabile
1920 2972 2101 3036 fratri
2365 2982 2366 2989 ’

555 3057 814 3122 Attulit.
874 3057 933 3122 ei
975 3058 1210 3122 misero
1253 3057 1449 3121 frater
1493 3057 1786 3142 adempte
1826 3056 2016 3138 mihi,

471 3139 555 3202 Ei
598 3140 830 3204 misero
873 3140 1058 3203 fratri
1100 3139 1444 3204 iocundum
1486 3141 1702 3205 lumen
1745 3139 2140 3224 ademptum,

557 3220 794 3285 Tecum
834 3243 963 3285 una
1003 3226 1204 3287 totast
1245 3226 1465 3287 nostra
1507 3225 1757 3307 sepulta
1798 3225 2022 3289 domus
2031 3273 2050 3306 ,

372 3307 442 3354 95
474 3297 704 3363 Omnia
744 3306 955 3367 tecum
996 3327 1126 3368 una
1165 3306 1491 3389 perierunt
1577 3307 1762 3372 audia
1801 3310 2057 3391 nostra,

560 3379 732 3452 Quae
775 3386 919 3448 tuos
962 3388 1033 3449 in
1074 3388 1208 3452 vita
1251 3388 1452 3454 dulcis
1495 3412 1535 3454 a
1561 3391 1711 3455 ebat
1751 3412 1946 3456 amor.
