2409 3825
1143 123 1199 210 il

328 318 487 380 nullo
512 321 621 381 iam
643 328 818 400 pacto
841 320 965 379 veri
989 318 1174 380 simile
1198 337 1335 380 esse
1359 319 1752 399 putandumst,

328 404 579 484 undique
610 422 740 464 cum
762 421 992 465 vorsum
1016 405 1260 483 spatium
1283 414 1454 465 vacet
1475 406 1745 465 inlinitum

326 491 663 568 seminaque
685 490 981 548 innumero
1005 504 1241 562 numero
1266 506 1595 568 summaque
1619 488 1899 568 profunda

159 583 296 637 1055
328 571 675 634 multimodis
697 572 939 632 volitent
962 581 1196 633 aeterno
1222 574 1443 651 percita
1465 582 1620 634 motu
1637 619 1655 651 ‚

327 658 482 718 hunc
504 675 675 717 unum
698 665 973 717 terrarum
998 657 1194 716 orbem
1222 655 1557 736 caelumque
1583 667 1834 718 creatum
1850 704 1868 735 .,

328 741 409 802 nil
441 759 618 820 agere
641 739 739 801 illa
761 740 902 802 foris
926 750 1012 803 tot
1036 758 1280 820 corpora
1300 742 1582 810 materiai;

329 844 461 887 oum
483 827 823 906 praesertim
848 824 943 886 hic
974 828 1047 887 sit
1068 834 1263 885 natura
1286 823 1469 886 factus
1487 872 1505 904 ,
1532 836 1590 887 et
1611 827 1738 906 ipsa

326 920 539 992 sponte
562 928 666 971 sua
688 909 841 970 forte
866 908 1201 971 offensando
1225 918 1292 970 ut
1315 912 1530 970 semina
1551 927 1740 971 rerum

158 1005 296 1060 1060
325 993 672 1055 multimodis
698 1004 915 1055 temere
939 997 996 1054 in
1022 1012 1245 1055 cassum
1268 992 1589 1073 frustraque
1623 1004 1823 1056 coacta

323 1078 554 1140 tandem
580 1077 880 1139 coluerunt
904 1097 972 1139 ea
999 1096 1143 1158 quae
1171 1087 1453 1138 convecta
1475 1088 1718 1158 repente

324 1181 656 1241 magnarum
677 1181 868 1224 rerum
891 1164 1094 1224 fierent
1119 1162 1354 1223 exordia
1376 1181 1641 1242 semper,

324 1250 501 1309 terrai
526 1249 694 1308 maris
720 1256 779 1307 et
805 1245 952 1308 caeli
975 1249 1326 1326 generisque
1350 1249 1701 1307 animantum.

329 1349 506 1411 quare
531 1333 699 1392 etiam
723 1342 895 1410 atque
920 1335 1088 1392 etiam
1111 1330 1241 1391 talis
1264 1331 1480 1392 fateare
1502 1349 1752 1393 neeesse
1779 1342 1870 1394 est

156 1425 294 1480 1065
329 1435 465 1477 esse
491 1414 635 1476 alios
660 1415 794 1476 alibi
820 1434 1172 1493 congressus
1192 1416 1479 1494 materiai,

329 1498 514 1580 qualis
536 1500 632 1559 hie
657 1511 781 1577 est,
808 1499 974 1560 avido
1000 1500 1308 1581 complexu
1331 1518 1500 1580 quem
1523 1509 1682 1561 tenet
1704 1501 1919 1561 aether.

413 1584 720 1645 Praeterea
747 1602 874 1644 cum
897 1586 1166 1645 materies
1190 1593 1283 1645 est
1302 1583 1477 1645 multa
1498 1595 1693 1664 parata
1709 1630 1727 1664 ,

331 1687 460 1730 oum
482 1668 648 1729 loeus
670 1677 762 1729 est
783 1677 1017 1749 praesto
1033 1715 1050 1747 ,
1073 1687 1186 1730 nec
1209 1686 1306 1729 res
1329 1687 1440 1728 nec
1472 1686 1642 1728 causa
1664 1677 1912 1729 moratur

329 1752 445 1813 ulla
460 1800 478 1831 ‚
505 1755 633 1832 geri
657 1753 903 1830 debent,
927 1756 1182 1813 nimirum
1200 1799 1217 1831 ‚
1245 1763 1304 1814 et
1329 1754 1564 1813 confieri
1585 1771 1700 1813 res.

157 1844 297 1900 1070
325 1856 477 1898 nunc
506 1855 584 1898 ex
607 1838 917 1898 seminibus
936 1883 954 1915 ,
980 1839 1029 1899 si
1050 1846 1202 1898 tanta
1233 1846 1324 1898 est
1349 1839 1516 1917 copia
1545 1846 1806 1917 quantam

327 1940 663 1984 enumerare
687 1932 846 1983 aetas
872 1925 1210 1984 animantum
1230 1940 1346 1983 non
1376 1931 1548 2001 queat
1569 1925 1749 1984 omnis
1765 1969 1783 2001 ‚

326 2008 458 2087 quis
485 2006 686 2067 eadem
707 2015 903 2068 natura
925 2016 1149 2085 manet,
1175 2025 1323 2086 quae
1347 2009 1562 2069 semina
1582 2025 1774 2068 rerum

330 2093 603 2153 conicere
632 2092 690 2150 in
717 2089 850 2152 loca
874 2109 1138 2172 quaeque
1165 2100 1336 2171 queat
1356 2091 1522 2170 simili
1542 2094 1759 2153 ratione

327 2185 502 2254 atque
529 2175 644 2235 huc
666 2173 798 2236 su'nt
819 2177 1084 2236 coniecta
1101 2222 1118 2254 ,
1143 2173 1395 2237 necesse
1421 2185 1511 2237 est
1533 2177 1843 2237 confiteare

154 2266 293 2322 1075
327 2278 466 2322 esse
492 2259 636 2320 alios
667 2258 793 2321 aliis
817 2268 1095 2320 terrarum
1117 2262 1174 2320 in
1195 2261 1452 2341 partibus
1480 2260 1636 2321 orbis

329 2354 389 2405 et
412 2346 599 2404 varias
621 2343 908 2404 hominum
931 2347 1120 2423 gentis
1145 2355 1204 2406 et
1228 2344 1423 2406 saecla
1445 2344 1711 2405 ferarum.

413 2427 541 2489 Huc
564 2428 790 2489 accedit
813 2437 875 2488 ut
904 2430 960 2489 in
984 2448 1199 2490 summa
1220 2447 1317 2490 res
1337 2428 1493 2488 nulla
1521 2430 1595 2490 sit
1618 2447 1724 2489 una
1741 2475 1761 2506 ‚

331 2515 499 2573 unica
523 2530 669 2591 quae
695 2515 961 2591 gignatur
982 2524 1040 2574 et
1062 2515 1228 2574 unica
1251 2511 1492 2593 solaque
1524 2522 1751 2574 creseat
1768 2558 1786 2590 ‚
1893 2509 1894 2512 ’

329 2600 467 2677 quin
490 2594 758 2677 aliquoiu’
781 2600 894 2658 siet
919 2597 1099 2658 saecli
1118 2596 1516 2677 permultaque
1540 2596 1744 2657 eodem

155 2690 296 2745 1080
329 2685 445 2743 sint
473 2698 711 2760 genere.
744 2684 800 2741 in
829 2683 1024 2761 primis
1050 2680 1381 2743 animalibus
1399 2727 1417 2759 ‚
1439 2678 1656 2741 inclute
1680 2678 1944 2759 Memmi,

326 2768 588 2826 invenies
612 2766 699 2826 sic
722 2767 1108 2846 montivagum
1130 2784 1315 2845 genus
1340 2784 1477 2827 esse
1503 2764 1751 2825 ferarum
1767 2811 1783 2843 ,

328 2849 417 2912 sie
439 2849 725 2910 hominum
749 2852 996 2930 genitam
1023 2850 1248 2931 prolem
1264 2896 1282 2929 ‚
1308 2852 1394 2911 sic
1420 2849 1668 2929 denique
1691 2858 1873 2909 mutas

329 2936 752 3014 squamigerum
773 2934 1035 3015 pecudes
1067 2945 1125 2996 et
1151 2951 1395 3015 corpora
1422 2943 1625 2995 cuncta
1644 2931 1950 2994 volantum.

330 3028 686 3099 quapropter
708 3018 931 3079 caelum
955 3018 1125 3080 simili
1147 3021 1367 3079 ratione
1390 3018 1767 3097 fatendumst,

156 3111 294 3166 1085
326 3113 653 3183 terramque
680 3112 738 3163 et
764 3102 950 3164 solem
968 3150 986 3182 ‚
1020 3102 1240 3181 lunam,
1270 3121 1425 3164 mare
1442 3149 1460 3182 ‚
1490 3111 1686 3164 cetera
1714 3120 1861 3181 quae
1888 3110 2055 3179 sunt,

327 3205 442 3248 non
466 3206 603 3249 esse
625 3189 824 3267 unica,
850 3187 957 3249 sed
980 3200 1216 3248 numero
1241 3189 1421 3266 magis
1448 3186 1811 3256 innumerali;

333 3271 788 3351 quandoquidem
806 3274 958 3334 vitae
986 3270 1264 3352 depactus
1287 3273 1559 3332 terminus
1582 3270 1699 3331 alte

328 3364 440 3415 tam
464 3364 655 3416 manet
675 3354 821 3416 haec
838 3402 856 3434 ‚
884 3365 941 3417 et
966 3365 1078 3415 tam
1102 3357 1291 3415 nativo
1320 3372 1566 3433 corpore
1593 3362 1854 3414 constant
1872 3397 1889 3426 ‚

330 3457 495 3520 qnam
520 3458 706 3518 genus
732 3457 898 3501 omne
925 3438 1078 3501 uuod
1094 3439 1190 3499 hic
1215 3440 1529 3517 generatim
1550 3438 1723 3497 rebus
1747 3433 2011 3494 abundat.

2092 154 2179 217 59
