2409 3825
299 171 387 236 34

304 603 404 656 180

307 1065 405 1118 185

304 1529 406 1580 190

303 1992 401 2043 195

300 2457 403 2506 200

297 2919 400 2975 205

300 3364 403 3413 210

1123 173 1428 231 CATVLLI

711 336 899 402 Mitte
941 334 1338 400 brachiolum
1379 340 1569 422 teres,

791 417 1190 485 Praetextate
1200 468 1222 504 ,
1308 420 1609 488 uellulae:

772 503 929 569 ·Iam
972 504 1179 569 cubile
1224 526 1262 568 a
1306 507 1410 568 eat
1448 506 1585 570 viri.

711 589 765 654 Ο
811 589 1068 672 Hymen
1108 587 1479 671 Hymenaee
1518 589 1613 672 io,

799 674 852 738 O
898 672 1153 757 Hymen
1195 671 1582 755 Hymenaee.

712 798 847 865 Vos
889 799 1097 863 bonae
1142 798 1401 862 senibus
1445 798 1596 862 viris

795 883 888 948 Co
989 883 1109 947 ‘tae
1151 882 1315 947 bene
1357 883 1660 965 feminae,

798 967 890 1032 Co
943 971 1125 1031 ocate
1214 967 1531 1031 uellulam.

714 1051 768 1117 O
815 1050 1072 1134 Hymen
1176 1071 1482 1135 ymenaee
1523 1051 1616 1134 ic,

692 1189 695 1192 .
795 1135 850 1201 O
897 1135 1154 1218 Hymen
1193 1134 1579 1218 Hymenaee.

710 1261 849 1326 Iam
889 1261 1043 1326 licet
1082 1260 1329 1344 veniae,
1373 1260 1629 1324 marite:

793 1345 972 1412 onr
1012 1346 1081 1409 in
1123 1344 1408 1409 thalamo
1450 1344 1634 1408 tibist

797 1431 924 1497 Ore
965 1428 1262 1493 floridulo
1305 1430 1521 1493 nitens
1532 1476 1552 1512 ‚

711 1515 879 1580 Alba
918 1513 1290 1598 parthenice
1331 1513 1509 1577 velut

794 1598 1145 1690 Luteumve
1185 1618 1481 1681 papaver.

710 1729 831 1809 At,
874 1725 1127 1809 marite,
1176 1724 1295 1808 (ita
1337 1745 1439 1787 me
1480 1722 1702 1788 iuvent

798 1809 1102 1894 Caelites)
1147 1807 1353 1872 nihilo
1395 1808 1606 1872 minus

792 1892 1064 1960 Pulcher
1107 1915 1175 1958 es
1192 1942 1211 1976 ‚
1254 1914 1459 1976 neque
1502 1895 1567 1957 te
1611 1891 1828 1957 Venus

707 1979 808 2046 Ne
856 1979 1033 2063 legit.
1093 1978 1204 2042 sed
1247 1977 1382 2041 abit
1422 1977 1586 2043 dies:

850 2084 998 2148 erge
1011 2112 1030 2147 ,
1073 2084 1158 2126 ne
1198 2082 1534 2126 remorare.

707 2190 861 2257 Non
904 2189 1011 2253 diu
1052 2191 1407 2254 remoratus
1452 2208 1519 2252 es
1531 2237 1551 2270 ,

794 2274 931 2338 Iam
972 2273 1193 2337 venia
1232 2274 1402 2337 bona
1442 2275 1509 2336 te
1552 2270 1767 2337 Venus

792 2356 1064 2441 Iuverit,
1110 2357 1412 2441 quoniam
1453 2354 1667 2440 palam

711 2441 896 2517 Quod
941 2463 1018 2506 cu
1064 2442 1118 2505 is
1162 2441 1337 2524 capis
1382 2444 1449 2504 et
1488 2439 1727 2504 bonum

792 2526 947 2591 Non
990 2549 1028 2591 a
1072 2525 1327 2590 scondis
1372 2544 1668 2591 amorem.

708 2652 827 2718 Ille
869 2653 1146 2737 pulveris
1189 2649 1434 2715 Africei

796 2737 1210 2819 Siderumque
1252 2736 1624 2800 micantium

795 2821 1117 2887 Subducat
1156 2841 1492 2883 numerum
1534 2820 1708 2903 prius
1718 2866 1743 2905 ,

709 2907 831 2985 Qui
873 2905 1074 2969 vostri
1114 2925 1448 2968 numerare
1490 2904 1629 2968 volt

791 2989 999 3055 Multa
1038 2990 1218 3053 milia
1258 2987 1446 3052 ludei.

703 3117 932 3182 Ludite
974 3118 1049 3180 ut
1089 3116 1295 3197 lubet,
1340 3116 1407 3178 et
1447 3114 1624 3179 brevi

789 3199 1052 3263 Liberos
1097 3199 1261 3262 date.
1321 3219 1457 3263 non
1499 3199 1681 3263 decet

788 3282 950 3345 Tam
990 3283 1170 3346 vetus
1213 3282 1351 3345 sine
1395 3283 1612 3348 liberis

704 3362 961 3427 Nomen
1004 3385 1171 3446 esse,
1219 3366 1331 3428 sed
1371 3367 1652 3432 indidem

790 3445 1052 3528 Semper
1093 3448 1471 3531 ingenerari.
