2409 3825
322 418 474 479 quae
493 399 669 459 veluti
692 398 936 458 validum
960 417 1085 461 cum
1109 399 1313 459 flumen
1336 401 1695 480 procubuere

327 501 496 563 quam
520 483 663 545 libet
684 485 740 543 in
763 491 980 562 partem
996 528 1014 559 ,
1046 479 1272 543 trudunt
1294 503 1390 544 res
1420 493 1548 544 ante
1570 495 1848 565 ruuntque

325 567 630 646 impetibus
653 566 873 626 crebris
892 612 910 643 ,
934 565 1211 625 interdum
1231 565 1452 628 vertice
1483 578 1633 628 torto
1718 579 1726 586 ’

328 652 641 729 corripiunt
662 649 974 728 rapideque
998 652 1202 709 rotanti
1226 651 1448 710 turbine
1473 661 1714 734 portant.

180 743 296 797 295
331 751 508 812 quare
533 736 699 793 etiam
724 742 896 812 atque
920 734 1087 793 etiam
1109 743 1240 794 sunt
1262 735 1419 793 venti
1442 752 1684 815 corpora
1707 754 1878 796 caeca
1894 783 1911 813 ‚

326 815 775 896 quandoquidem
797 816 963 876 factis
986 826 1045 876 et
1071 815 1321 877 moribus
1342 818 1560 878 aemula
1580 823 1793 897 magnis

326 900 581 961 amnibus
603 901 992 976 inveniuntur,
1019 909 1218 979 aperto
1245 916 1489 981 corpore
1516 906 1608 981 qui
1639 913 1784 964 sunt.

325 993 443 1044 tum
461 1000 632 1063 porro
655 985 843 1043 varios
866 1001 1051 1043 rerum
1075 985 1346 1044 sentimus
1369 985 1576 1045 odores
1593 1032 1612 1064 ,

327 1086 437 1128 nec
464 1075 649 1128 tamen
678 1066 750 1127 ad
770 1068 918 1126 nai-is
940 1070 1220 1128 venientis
1247 1071 1526 1129 cernimus
1547 1087 1804 1148 umquam
1820 1118 1836 1148 ,

191 1159 305 1213 300
332 1169 445 1211 nec
469 1151 684 1211 calidos
711 1160 902 1211 aestus
927 1152 1131 1210 tuimur
1147 1198 1163 1228 ,
1195 1170 1307 1212 nec
1331 1152 1541 1229 frigora
1565 1155 1782 1232 quimus

328 1252 602 1314 usurpare
628 1234 811 1295 oculis
827 1281 845 1312 ,
885 1253 996 1294 nec
1018 1253 1196 1295 voces
1225 1254 1461 1296 cernere
1486 1255 1742 1305 suemus;

326 1337 471 1398 quae
493 1329 680 1379 tamen
704 1320 884 1377 omnia
910 1335 1189 1397 corporea
1219 1328 1480 1380 constare
1501 1330 1805 1381 necessest

328 1412 553 1480 natura,
581 1405 840 1482 quoniam
868 1421 1073 1463 sensus
1098 1402 1378 1481 inpellere
1409 1414 1678 1483 possunt:

328 1497 566 1564 tangere
600 1488 749 1547 enim
771 1496 830 1546 et
860 1489 1012 1564 tangi
1028 1532 1045 1563 ‚
1075 1487 1181 1546 nisi
1207 1505 1415 1567 corpus
1435 1535 1452 1565 ‚
1474 1487 1627 1548 nulla
1648 1498 1844 1567 potest
1867 1507 1983 1547 res.

185 1580 295 1634 305
329 1571 572 1649 denique
598 1569 917 1647 fluctifrago
942 1588 1259 1650 suspensae
1282 1573 1340 1630 in
1362 1572 1528 1632 litore
1551 1580 1749 1632 vestes

331 1663 645 1732 uvescunt,
678 1653 913 1714 eaedem
938 1653 1236 1733 dispansae
1261 1656 1315 1713 in
1342 1654 1467 1715 sole
1491 1664 1807 1716 serescunt.

331 1748 385 1798 at
407 1755 594 1817 neque
621 1756 734 1819 quo
756 1747 926 1817 pacto
949 1738 1270 1817 persederit
1293 1756 1453 1798 umor
1473 1740 1632 1817 aquai

330 1823 600 1899 visumst,
636 1840 746 1881 nec
769 1840 987 1881 rursum
1010 1839 1121 1901 quo
1145 1830 1316 1900 pacto
1342 1822 1550 1899 fugerit
1571 1831 1749 1882 aestu.

331 1908 385 1966 in
408 1924 609 1985 parvas
633 1907 802 1984 igitur
825 1908 999 1987 partis
1021 1906 1368 1985 dispergitur
1388 1924 1548 1965 umor
1563 1954 1580 1984 ‚

188 1999 302 2053 310
331 2009 470 2069 quas
495 1988 646 2051 oculi
670 1990 820 2050 nulla
844 2000 1081 2070 possunt
1101 1993 1319 2050 ratione
1341 1990 1556 2051 videre.

332 2076 464 2152 quin
489 2076 655 2135 etiam
677 2073 864 2135 multis
896 2074 1036 2136 solis
1059 2074 1426 2135 redeuntibus
1452 2077 1606 2135 annis

332 2156 531 2218 anulus
554 2159 609 2218 in
634 2159 808 2235 digito
835 2159 1033 2218 subter
1054 2167 1313 2218 tenuatur
1334 2158 1592 2218 habendo
1611 2204 1628 2234 ‚

332 2241 558 2302 stilicidi
582 2260 747 2302 casus
770 2240 1015 2321 lapidem
1040 2252 1234 2319 cavat,
1256 2261 1435 2303 uncus
1458 2244 1622 2302 aratri

332 2324 554 2387 ferreus
579 2326 806 2385 occulte
831 2325 1120 2387 decrescit
1140 2343 1338 2385 vomer
1360 2328 1413 2384 in
1434 2328 1581 2386 arvis
1599 2372 1615 2403 ,

195 2416 307 2470 315
331 2418 615 2488 strataque
645 2411 752 2468 iam
778 2409 938 2487 volgi
961 2408 1204 2489 pedibus
1230 2408 1431 2470 detrita
1448 2411 1660 2470 viarum

335 2510 503 2554 saxea
526 2494 939 2572 conspicimus:
970 2502 1084 2554 tum
1101 2538 1117 2571 ‚
1144 2503 1337 2573 portas
1362 2504 1630 2573 propter,
1654 2494 1794 2553 aena

332 2578 501 2655 signa,
513 2595 706 2637 manus
730 2576 957 2638 dextras
989 2577 1293 2637 ostendunt
1314 2577 1599 2637 adtenuari

335 2677 512 2740 saepe
536 2660 868 2721 salutantum
891 2670 1046 2721 tactu
1068 2658 1408 2740 praeterque
1430 2669 1724 2719 meantum.

330 2742 475 2805 baec
496 2745 668 2823 igitur
688 2747 888 2821 minui,
916 2762 1040 2804 cum
1064 2746 1174 2804 sint
1197 2744 1397 2804 detrita
1413 2789 1431 2822 ‚
1455 2743 1742 2803 videmus:

193 2834 305 2889 320
333 2828 436 2888 sed
458 2845 605 2906 quae
639 2844 881 2907 corpora
907 2827 1185 2889 decedant
1205 2829 1262 2886 in
1285 2836 1542 2907 tempore
1564 2842 1790 2906 quoque
1807 2872 1824 2903 ‚

328 2910 512 2970 invida
531 2911 844 2990 praeclusit
866 2914 1103 2992 spatium
1123 2919 1315 2970 natura
1336 2906 1579 2970 videndi.

327 3004 621 3073 postremo
646 3013 1036 3074 quaecumque
1061 2995 1182 3054 dies
1210 3003 1515 3072 naturaque
1546 2993 1718 3053 rebus

326 3078 592 3156 paulatim
615 3079 841 3156 tribuit,
864 3077 1193 3138 moderatim
1219 3095 1488 3138 crescere
1517 3094 1733 3155 cogens
1751 3124 1768 3154 ‚

323 3160 478 3222 nulla
507 3169 703 3239 potest
726 3160 1019 3222 oculorum
1040 3163 1197 3221 acies
1234 3169 1496 3221 contenta
1515 3163 1661 3220 tueri
1679 3206 1696 3236 ‚

190 3251 296 3306 325
319 3263 430 3305 nec
453 3261 629 3324 porro
653 3263 1043 3324 quaecumque
1067 3260 1212 3305 aevo
1235 3246 1527 3323 macieque
1552 3255 1859 3304 senescunt

322 3347 433 3389 nec
452 3374 471 3406 ‚
494 3346 648 3388 mare
671 3346 815 3407 quae
837 3328 1179 3406 inpendent,
1202 3345 1383 3390 vesco
1410 3327 1529 3387 sale
1553 3344 1683 3386 saxa
1706 3345 1911 3402 peresa

321 3411 457 3492 quid
480 3429 711 3490 quoque
735 3414 983 3471 amittant
1004 3413 1060 3469 in
1083 3419 1343 3488 tempore
1370 3428 1605 3469 cernere
1636 3409 1847 3486 possis.

322 3495 667 3575 corporibus
693 3496 883 3556 caecis
908 3496 1079 3571 igitur
1099 3501 1291 3552 natura
1316 3494 1463 3570 gerit
1485 3509 1598 3551 res.

1969 3274 1996 3302 t
