2409 3825
233 146 356 209 114
1184 143 1265 203 lv

403 332 569 394 quam
591 311 749 371 daret
770 311 1060 389 obiectum
1081 313 1291 389 parmai
1312 309 1474 372 laeva
1496 331 1602 392 per
1623 322 1827 371 artetur

268 410 374 464 845
403 398 661 473 scilicet,
688 405 747 454 ct
768 394 987 456 fessum
1012 410 1221 473 corpus
1244 395 1506 455 mandare
1531 396 1706 475 quieti

398 481 574 542 multo
596 479 876 557 antiquius
900 488 991 557 est
1015 496 1178 556 quam
1200 477 1337 538 lecti
1364 477 1556 557 mollia
1578 488 1750 540 strata
1764 525 1785 555 .,

399 577 458 627 ct
481 564 683 627 sedare
709 564 857 623 sitim
881 562 1036 641 prius
1061 572 1152 621 est
1175 581 1339 640 quam
1360 562 1570 642 pocula
1588 573 1793 625 natum.
1878 616 1885 619 ,

397 651 544 710 haec
564 649 735 726 igitur
757 654 997 725 possunt
1021 644 1214 705 utendi
1239 648 1466 724 cognita
1489 664 1659 707 causa

403 733 658 808 mediet,
682 749 756 790 ex
776 748 882 790 usu
912 747 1057 807 quae
1081 738 1210 790 sunt
1231 731 1459 809 vitaque
1483 739 1729 811 reperta.

274 829 377 883 850
398 816 495 877 illa
519 814 746 895 quidem
769 829 1028 873 seorsum
1050 823 1178 873 sunt
1201 815 1383 873 omnia
1399 860 1417 891 ‚
1442 831 1586 891 quae
1611 814 1765 893 prius
1791 815 1913 892 ipsa
1944 876 1950 880 ὴ

402 910 528 961 nata
553 897 765 958 dedere
787 914 921 957 suae
954 905 1087 975 post
1108 898 1358 958 notitiam
1380 896 1647 958 utilitatis.

404 1000 516 1063 quo
539 999 755 1060 genere
778 981 833 1039 in
858 981 1050 1059 primis
1078 999 1284 1041 sensus
1310 990 1369 1040 et
1390 980 1640 1041 membra
1660 979 1948 1050 videmus;

405 1084 577 1147 quare
600 1066 766 1125 etiam
795 1073 964 1143 atque
991 1066 1158 1124 etiam
1181 1061 1384 1143 procul
1405 1074 1496 1125 est
1519 1073 1581 1123 ut
1603 1063 1841 1124 credere
1872 1064 2070 1143 possis

403 1149 655 1210 utilitatis
681 1148 754 1207 ob
778 1146 1026 1207 officium
1048 1149 1307 1226 potuisse
1339 1149 1535 1207 creari.
1567 1147 1594 1231 Η

280 1244 383 1298 855
476 1232 502 1313 Η
533 1231 681 1292 lllud
703 1233 837 1291 item
858 1249 971 1291 non
995 1241 1084 1292 est
1110 1231 1418 1291 mirandum
1437 1276 1466 1309 ,a
1483 1233 1741 1312 corporis
1768 1232 1892 1309 ipsa

404 1316 556 1397 quod
577 1324 769 1376 natura
794 1315 980 1374 cibum
1004 1317 1220 1395 quaerit
1244 1316 1519 1393 cuiusque
1541 1318 1847 1376 animantis.

406 1402 617 1480 quippe
643 1400 849 1459 etenim
873 1398 1051 1458 fluere
1073 1409 1244 1478 atque
1271 1399 1549 1472 recedere
1575 1416 1814 1477 corpora
1837 1399 2011 1458 rebus

403 1484 577 1544 multa
596 1482 775 1543 modis
801 1481 987 1543 multis
1012 1482 1215 1560 docui,
1239 1482 1346 1542 sed
1367 1481 1604 1561 plurima
1628 1483 1836 1543 debent

404 1587 480 1629 ex
501 1565 847 1635 animalihu’;
877 1583 1035 1645 quae
1057 1567 1189 1645 quia
1209 1576 1338 1628 sunt
1362 1568 1614 1626 exercita
1633 1575 1784 1626 motu
1801 1612 1819 1643 ‚

279 1663 383 1716 860
407 1650 577 1711 multa
600 1668 706 1729 per
723 1667 788 1711 os
813 1647 1143 1710 exhalantur
1160 1696 1177 1728 ,
1208 1668 1333 1710 cum
1356 1648 1617 1726 languida
1633 1649 1926 1726 anhelant,

405 1735 693 1813 multaque
716 1752 822 1813 per
844 1733 1109 1794 sudorem
1132 1752 1208 1794 ex
1229 1732 1344 1794 alto
1369 1752 1572 1813 pressa
1590 1733 1861 1793 feruntur.

407 1820 495 1881 his
518 1820 687 1896 igitur
709 1817 881 1878 rebus
903 1818 1142 1879 rarescit
1167 1835 1376 1896 corpus
1401 1826 1458 1876 et
1480 1819 1659 1877 omnis

407 1903 692 1972 subruitur
712 1910 931 1971 natura;
959 1900 1122 1962 dolor
1147 1919 1312 1980 quam
1335 1902 1704 1980 consequitur
1724 1920 1862 1960 rem.

407 1995 714 2066 propterea
739 1987 956 2063 capitur
979 1985 1139 2047 cibus
1160 2031 1178 2062 ‚
1204 1996 1264 2045 ut
1286 1984 1566 2046 suffulciat
1594 1995 1746 2045 artus

278 2082 381 2137 865
407 2080 464 2132 et
487 2077 717 2129 recreet
739 2070 892 2129 vires
915 2069 1223 2129 interdatus
1239 2114 1258 2146 ‚
1283 2079 1452 2147 atque
1477 2078 1763 2148 patentem

408 2172 515 2234 per
542 2151 792 2212 membra
811 2170 879 2212 ac
900 2170 1074 2213 venas
1100 2161 1158 2212 ut
1185 2170 1431 2212 amorem
1454 2162 1681 2232 opturet
1708 2152 1926 2212 edendi.

410 2255 570 2297 umor
592 2237 727 2296 item
749 2235 989 2296 discedit
1011 2238 1066 2294 in
1092 2238 1274 2296 omnia
1303 2254 1448 2314 quae
1472 2235 1601 2296 loca
1617 2254 1865 2313 *cumque

411 2328 656 2400 poscunt
678 2336 957 2378 umorem:
981 2319 1407 2399 glomerataque
1428 2319 1601 2380 multa
1624 2322 1850 2397 vaporis

414 2420 655 2482 corpora
670 2448 689 2480 ‚
718 2421 863 2481 quae
886 2403 1178 2463 stomacho
1203 2403 1480 2481 praebent
1504 2403 1763 2462 incendia
1784 2411 1979 2462 nostro
1996 2448 2013 2479 ‚

282 2496 391 2551 870
412 2486 665 2564 dissupat
686 2486 992 2546 adveniens
1016 2485 1202 2566 liquor
1223 2504 1290 2546 ac
1313 2487 1613 2564 restinguit
1635 2496 1693 2546 ut
1717 2489 1904 2564 ignem
1919 2531 1937 2562 ,

413 2589 580 2630 urere
602 2589 673 2628 ne
695 2570 879 2648 possit
905 2569 1060 2629 calor
1081 2568 1319 2649 amplius
1342 2569 1528 2632 aridus
1549 2578 1719 2631 artus.
1806 2619 1813 2624 .

413 2657 498 2716 sic
522 2655 692 2731 igitur
713 2654 811 2713 tibi
835 2651 1036 2712 anhela
1057 2654 1179 2713 sitis
1203 2652 1275 2712 de
1302 2671 1547 2732 corpore
1570 2663 1766 2713 nostro

412 2737 685 2814 abluitur,
711 2739 796 2797 sic
820 2736 1084 2816 expletur
1104 2738 1290 2796 ieiuna
1311 2736 1534 2816 cupido.
1568 2736 1596 2822 Η

495 2819 659 2880 Nunc
684 2822 779 2898 qui
800 2820 891 2881 liat
916 2821 994 2879 uti
1019 2837 1223 2898 passus
1248 2820 1510 2899 proferre
1534 2838 1841 2899 queamuS,

286 2912 390 2968 875
415 2923 542 2964 cum
562 2902 855 2981 volumus,
884 2905 1155 2981 varieque
1179 2902 1365 2964 datum
1386 2905 1458 2963 sit
1485 2904 1735 2984 membra
1756 2920 1990 2962 movere
2005 2945 2024 2979 ,

414 2998 473 3048 et
496 3005 640 3065 quae
664 3004 759 3047 res
783 2996 992 3046 tantum
1013 2987 1126 3047 hoc
1157 2989 1349 3047 oneris
1376 2987 1712 3065 protrudere
1733 2987 1911 3052 nostri

416 3072 674 3149 corporis
696 3072 964 3149 insuerit,
990 3070 1200 3131 dicam:
1228 3081 1288 3133 tu
1315 3073 1554 3150 percipe
1577 3070 1743 3130 dicta.

409 3155 550 3222 dico
574 3155 757 3213 animo
779 3164 975 3215 nostro
998 3156 1235 3234 primum
1258 3153 1555 3216 simulacra
1577 3152 1797 3213 meandi

414 3237 686 3297 accidere
710 3245 879 3315 atque
903 3239 1140 3298 animum
1167 3237 1429 3318 pulsare,
1452 3247 1513 3299 ut
1538 3237 1777 3298 diximus
1801 3246 1948 3297 ante.

289 3329 394 3382 880
416 3320 546 3380 inde
569 3319 828 3394 voluntas
853 3319 941 3379 fit:
964 3339 1152 3400 neque
1175 3324 1322 3380 enim
1347 3321 1539 3382 facere
1563 3322 1759 3400 incipit
1782 3319 1950 3379 ullam

416 3421 536 3462 rem
562 3404 852 3479 quisquam
870 3446 889 3478 ‚
917 3420 1098 3479 quam
1120 3421 1279 3463 mens
1304 3403 1547 3482 providit
1572 3404 1704 3481 quid
1725 3403 1865 3464 velit
1889 3412 2021 3462 ante
