2409 3825
252 164 338 228 70
707 222 717 231 ,
793 176 964 224 xvn.
1037 174 1441 224 aensmms.
1482 170 1633 222 6-8.

250 318 464 382 tutum
506 312 784 397 reliquit.
872 333 1147 397 namque
1190 310 1291 375 illi
1332 309 1579 375 adiecto
1623 331 1894 374 numero
1933 330 2191 395 eorum,

262 399 375 484 qui
420 401 710 483 expertes
754 400 937 461 erant
978 396 1252 478 consilii,
1298 415 1698 460 commovere
1738 415 1805 458 se
1847 415 1986 458 non
2027 400 2188 460 sunt
2294 426 2307 447 ·

252 484 394 582 ausi
446 504 649 567 eoque
693 481 1014 564 libentius,
1060 482 1234 565 quod
1263 480 1459 544 latere
1496 479 1973 544 arbitrabantur
2016 500 2183 563 quae

180 652 217 716 7
252 570 821 717 coyt-‚gggaffibio
874 652 1025 734 post
1064 647 1468 715 Leuctricam
1531 669 1814 746 pugnam
1842 647 2183 746 ‘Laced-ae·

252 737 459 802 monii
500 757 569 801 se
609 756 962 819 numquam
1003 734 1366 799 refecerunt
1421 754 1632 818 neque
1672 736 2021 816 pristmum
2063 754 2184 796 un-

300 822 506 886 erium
548 822 1022 902 recuperarunt,
1066 839 1213 903 cum
1254 819 1518 883 interim
1559 838 1913 900 numquam
1953 817 2185 901 Agesi-

278 927 392 969 aus
456 903 703 969 destitit
774 901 1279 987 quibuscumque
1357 904 1547 967 rebus
1617 905 1836 985 posset
1904 902 2185 985 patriam

193 1001 227 1050 2
254 989 493 1053 iuvare.
591 1008 744 1052 nam
795 1008 955 1067 „cum
1006 987 1348 1071 praecipue
1403 985 1893 1052 Lacedaemonii
1934 985 2185 1071 indige-

250 1074 400 1137 rent
438 1072 740 1168 pecunia,
795 1062 905 1134 ifle
959 1072 1288 1150 omnibu3‚
1354 1071 1467 1155 qui
1522 1094 1562 1136 a
1601 1090 1755 1155 rege
1795 1069 2182 1154 defecerant,

250 1155 570 1240 praesidio
615 1154 775 1220 fuit:
821 1176 860 1219 a
902 1155 1135 1239 quibus
1177 1177 1244 1219 m
1377 1177 1416 1219 a
1459 1155 1731 1220 donatus
1759 1154 2034 1238 pecunia
2053 1176 2184 1303 ffi-

194 1253 226 1302 3
255 1240 448 1304 triam
492 1238 867 1304 sublevavit.
956 1243 1148 1323 atque
1191 1240 1264 1304 in
1355 1260 1430 1304 oc
1473 1239 1635 1304 illud
1676 1239 1748 1304 in
1788 1239 2014 1321 primis
2136 1240 2186 1303 ‘t

253 1323 658 1407 admirabile,
712 1345 856 1399 cum
909 1324 1188 1388 maxima
1228 1344 1498 1388 munera
1550 1325 1611 1388 ei
1663 1324 1744 1388 ab
1801 1323 2062 1420 regibus
2106 1343 2185 1388 ac

255 1408 541 1493 dynastis
583 1409 1077 1492 civitatibusque
1113 1408 1561 1497 conferrentur
1624 1405 1796 1492 quod
1838 1407 2003 1471 mhil
2045 1429 2185 1472 um-

256 1514 449 1578 quam
491 1491 751 1558 domum
795 1515 976 1557 suam
1003 1492 1281 1557 contulit
1342 1492 1511 1556 nihil
1553 1458 1631 1557 de
1668 1492 1862 1574 victu,
1905 1491 2071 1556 nihil
2102 1492 2184 1556 de

194 1590 229 1638 4
256 1578 493 1644 vestitu
536 1576 866 1642 Laconum
907 1576 1199 1641 mutavit.
1267 1542 1458 1641 domo
1503 1576 1724 1642 eadem
1765 1575 1892 1640 fuit
1918 1580 2186 1642 conten·

252 1667 378 1746 tue,
424 1683 552 1747 qua
590 1661 1029 1746 Eurysthenes
1042 1711 1061 1744 ,
1116 1661 1497 1745 progenitor
1538 1662 1855 1726 maiorum
1897 1681 2185 1744 suorum,

251 1747 467 1812 fuerat
506 1768 688 1811 usus:
778 1767 927 1810 uam
971 1745 1083 1830 qui
1123 1746 1415 1829 intrarat,
1458 1745 1711 1810 nullum
1739 1745 1998 1829 signum
2037 1745 2189 1809 libi-s

254 1831 441 1915 dinis,
486 1831 739 1896 nullum
792 1829 1055 1901 uxuriae
1083 1829 1299 1894 videre
1341 1832 1615 1914 poterat,
1657 1833 1882 1894 contra
1925 1850 2001 1893 ea
2040 1830 2189 1914 plu-

252 1917 417 1979 rima
478 1915 826 1999 patientiae
884 1938 922 1979 a
995 1936 1076 1979 ue
1129 1914 1573 1979 abstinentiae.
1662 1915 1753 1979 sic
1811 1914 1987 1978 enim
2044 1919 2190 1979 erat

253 2001 587 2081 instructa,
630 2004 705 2064 ut
746 2000 817 2065 in
857 2020 907 2064 n
1000 2021 1040 2064 a
1079 2019 1149 2065 re
1186 1998 1468 2064 differret
1509 1999 1787 2065 cuiusvis
1830 1999 2044 2082 inopis
2087 2003 2188 2064 at-

300 2105 380 2149 ue
467 2084 677 2149 rivati.

183 2168 224 2232 8
255 2106 297 2168 q
421 2106 639 2252 fitque
681 2167 786 2231 hic
828 2171 1048 2232 tantus
1088 2166 1192 2232 vir
1233 2172 1309 2233 ut
1348 2171 1644 2234 naturam
1687 2167 2025 2232 fautricem
2069 2168 2189 2231 ha·

253 2253 483 2316 buerat
524 2252 595 2315 in
636 2251 993 2316 tribuendis
1037 2252 1238 2316 animi
1281 2252 1645 2336 virtutibuS,
1692 2252 1783 2317 sic
1824 2252 2189 2317 maleficam

251 2338 479 2399 nactus
522 2338 620 2399 est
660 2335 732 2399 in
774 2355 1040 2418 corpore
1082 2336 1420 2421 fingendo:
1464 2358 1617 2401 nam
1661 2341 1728 2401 et
1768 2340 2012 2401 statura
2052 2336 2194 2402 fuit

251 2417 485 2484 humili
543 2423 610 2483 et
671 2440 938 2503 corpore
1002 2421 1103 2485 exi
1196 2442 1235 2485 o
1303 2425 1371 2486 et
1423 2421 1683 2485 claudus
1737 2420 1940 2485 altero
1996 2420 2189 2504 pede.

255 2526 418 2589 quae
470 2524 574 2569 res
629 2504 823 2568 etiam
874 2505 1124 2569 nonnul
1151 2526 1257 2569 am
1322 2505 1627 2569 afferebat
1686 2503 2189 2589 deformitatem,

254 2593 447 2673 atque
475 2589 704 2674 ignoti,
746 2588 978 2655 faciem
1008 2590 1142 2653 eius
1172 2610 1318 2662 cum
1357 2589 1778 2672 intuerentur,
1813 2592 2191 2654 contemne-

258 2675 433 2758 bant,
477 2675 590 2759 qui
633 2678 847 2739 autem
891 2673 1159 2739 virtutes
1186 2678 1523 2756 noverant,
1566 2695 1702 2738 non
1730 2677 2032 2757 poterant
2073 2674 2190 2737 ad-

193 2771 228 2819 2
256 2758 476 2823 mirari
519 2758 691 2823 satis.
824 2758 953 2823 uod
996 2758 1056 2822 ei
1084 2780 1203 2822 usu
1233 2758 1432 2841 venit,
1476 2779 1621 2842 qum
1657 2778 1974 2822 annorum
2005 2763 2190 2824 octo—

253 2844 438 2928 ginta
479 2842 760 2907 subsidio
861 2842 1021 2907 acho
1064 2841 1135 2906 in
1178 2843 1277 2906 Ae
1410 2847 1549 2907 tum
1591 2843 1771 2920 iisset
1813 2845 1878 2906 et
1924 2841 1997 2906 in
2038 2846 2195 2907 acte.

253 2949 402 2992 cum
444 2926 575 2991 suis
616 2927 1013 2991 accubuisset
1053 2926 1192 2991 sine
1235 2949 1278 2991 u
1333 2948 1370 2991 o
1413 2930 1584 2991 tecto
1630 2929 2026 3010 stratumque
2068 2925 2193 2992 ha·

251 3011 435 3076 beret
476 3010 625 3094 tale,
671 3015 744 3075 ut
784 3013 957 3076 terra
996 3014 1168 3076 tecta
1210 3014 1377 3075 esset
1418 3010 1783 3075 stramentis
1810 3030 2020 3094 neque
2050 3009 2193 3076 huc

255 3091 531 3174 amplius
574 3116 767 3178 quam
808 3095 996 3178 pellis
1041 3097 1207 3180 esset
1234 3095 1490 3177 iniecta,
1535 3093 1758 3159 eodem
1802 3115 1883 3157 ue
1913 3095 2191 3160 comites

258 3194 479 3239 omnes
523 3178 968 3258 accubuissent
994 3171 1232 3242 vestitu
1252 3175 1491 3242 humili
1530 3183 1722 3262 atque
1753 3200 1791 3242 o
1838 3178 2062 3261 soleto,
2111 3184 2195 3244 ut

257 3273 479 3346 eorum
541 3265 802 3323 ornatus
857 3281 993 3324 non
1045 3261 1237 3325 modo
1302 3262 1373 3325 in
1426 3261 1528 3325 his
1583 3281 1801 3347 regem
1855 3262 2196 3328 neminem

258 3334 662 3426 significaret,
708 3340 818 3405 sed
859 3343 1153 3408 homines
1194 3365 1332 3409 non
1359 3345 1758 3410 beatissimos
1801 3366 1938 3409 esse
1977 3347 2194 3430 suspi—

202 3422 232 3465 3
263 3432 511 3479 cionem
551 3422 900 3500 praeberet.
988 3426 1177 3490 huius
1234 3426 1311 3492 de
1363 3428 1642 3493 adventu
1694 3428 1868 3493 fama
1904 3449 2061 3528 Q
2102 3430 2195 3495 ad
