2409 3825
1115 179 1196 241 111
2077 184 2161 249 65

403 351 647 410 Primum
675 349 915 409 animum
942 347 1073 408 dico
1092 393 1110 424 ,
1136 356 1382 408 mentem
1409 366 1572 427 quam
1601 367 1779 429 saepe
1809 367 2115 429 vocamus,

219 444 292 500 95
320 437 378 494 in
401 451 514 513 quo
541 431 842 493 consilium
867 434 1018 492 vitae
1040 433 1414 510 regimenque
1443 430 1690 492 locatum
1715 443 1839 510 est,

321 537 457 580 esse
477 518 721 578 hominis
743 525 963 596 partem
985 514 1103 575 nilo
1124 517 1306 575 minus
1337 533 1405 575 ac
1431 534 1628 579 manus
1662 526 1720 577 et
1743 535 1850 595 pes

319 611 489 682 atque
519 599 674 662 oculi
697 607 893 680 partes
913 600 1204 659 animantis
1236 602 1409 665 totius
1443 609 1654 661 extant.

321 787 556 830 sensum
578 768 744 829 animi
768 777 924 827 certa
946 784 1060 826 non
1084 785 1222 828 esse
1249 767 1305 826 in
1328 777 1489 847 parte
1520 766 1768 829 locatum
1784 813 1802 847 ,

319 871 520 912 verum
539 852 792 912 habitum
810 851 1092 930 quendam
1114 849 1346 910 vitalem
1371 853 1631 930 corporis
1657 870 1793 913 esse
1810 898 1829 932 ‚

195 948 297 1000 100
322 937 666 996 harmoniam
690 933 820 996 Grai
843 952 1007 1014 quam
1029 934 1258 1011 dicunt,
1285 934 1436 1014 quod
1458 934 1628 995 faciat
1648 953 1755 996 nos

316 1022 516 1080 vivere
543 1037 671 1080 cum
694 1037 866 1079 sensu
885 1064 903 1096 ‚
936 1017 1088 1079 nulla
1116 1035 1244 1079 cnm
1263 1020 1319 1077 in
1342 1029 1503 1098 parte
1527 1022 1637 1080 siet
1657 1038 1847 1089 mens3

317 1114 380 1165 ut
400 1103 551 1163 bona
574 1121 752 1182 saepe
770 1101 1039 1163 valetudo
1071 1121 1197 1161 cum
1221 1101 1424 1164 dicitur
1448 1122 1583 1164 esse

322 1188 587 1266 corporis
606 1233 625 1264 ‚
651 1196 708 1247 et
731 1203 845 1245 non
872 1196 964 1246 est
984 1195 1170 1246 tamen
1191 1185 1338 1246 haec
1361 1205 1492 1266 pars
1520 1186 1635 1246 ulla
1656 1186 1919 1250 valentis.

321 1273 409 1332 sic
432 1271 601 1345 animi
624 1289 855 1330 sensum
877 1287 991 1329 non
1022 1280 1179 1331 certa
1202 1281 1365 1348 parte
1387 1282 1696 1351 reponunt;

190 1365 292 1419 105
320 1372 528 1432 magno
554 1371 735 1434 opere
758 1355 815 1414 in
840 1371 953 1433 quo
975 1355 1049 1413 mi
1074 1353 1286 1415 diversi
1315 1373 1508 1415 errare
1530 1354 1808 1415 videntur.

319 1457 501 1518 saepe
523 1439 718 1517 itaque
734 1484 752 1514 ‚
777 1440 833 1496 in
855 1448 1122 1517 promptu
1148 1455 1359 1517 corpus
1391 1438 1543 1518 quod
1573 1440 1853 1518 cernitur,
1877 1451 2079 1520 aegret
2096 1489 2114 1520 ‚

320 1541 447 1584 cum
475 1532 666 1583 tamen
691 1541 766 1581 ex
785 1521 894 1581 alia
916 1521 1191 1581 laetamur
1212 1532 1375 1601 parte
1399 1522 1624 1584 latenti:

319 1616 380 1667 et
404 1615 562 1666 retro
588 1606 649 1665 fit
672 1606 752 1665 uti
779 1615 977 1666 contra
999 1607 1074 1666 sit
1095 1623 1275 1685 saepe
1303 1607 1557 1668 vicissim
1573 1652 1591 1683 ,

319 1708 445 1751 cum
464 1690 642 1749 miser
669 1708 745 1749 ex
765 1691 948 1750 animo
975 1688 1216 1750 laetatur
1245 1708 1493 1769 corpore
1521 1699 1675 1757 toto;

185 1785 293 1838 110
322 1791 441 1851 nonv
464 1772 580 1833 alio
604 1783 776 1853 pacto
807 1792 971 1853 quam
995 1775 1069 1850 si,
1100 1792 1210 1852 pes
1240 1792 1368 1833 cum
1391 1773 1549 1833 dolet
1571 1774 1765 1853 aegri,

317 1860 376 1919 in
397 1857 557 1917 nullo
588 1867 758 1936 caput
780 1859 997 1919 interea
1021 1859 1095 1919 sit
1119 1857 1270 1919 forte
1295 1857 1517 1919 dolore.

318 1952 623 2027 praeterea
644 1941 801 2000 molli
825 1960 950 2002 cum
973 1959 1173 2006 somno
1198 1942 1384 2003 dedita
1408 1943 1658 2004 membra

319 2027 563 2088 effusum
607 2044 679 2090 ue
707 2028 859 2086 iacet
881 2027 1005 2087 sine
1031 2044 1207 2087 sensu
1232 2044 1442 2107 corpus
1467 2037 1763 2105 onustum,
1859 2080 1870 2093 .

320 2120 410 2171 est
439 2108 552 2169 aliu
619 2111 886 2182 tamenin
905 2110 1071 2170 nohis
1097 2107 1249 2188 quod
1271 2121 1531 2191 tempore
1559 2113 1615 2171 in
1646 2110 1747 2170 illo

184 2204 292 2258 115
322 2192 667 2253 multimodis
696 2196 937 2272 agitatur
958 2204 1017 2255 et
1040 2196 1220 2255 omnis
1242 2196 1452 2274 accipit
1473 2197 1529 2256 in
1552 2214 1618 2256 se

318 2278 569 2339 laetitiae
593 2285 778 2338 motus
803 2283 862 2338 et
887 2296 1052 2343 curas
1079 2277 1269 2338 cordis
1293 2280 1488 2353 inanis,

315 2380 466 2421 nunc
487 2364 726 2421 animam
748 2379 977 2441 quoque
1000 2371 1062 2421 ut
1088 2362 1144 2421 in
1171 2363 1437 2424 membris
1462 2380 1822 2441 cognoscere
1852 2366 2041 2443 possis

319 2465 454 2507 esse
472 2491 491 2522 ,
516 2463 707 2523 neque
730 2445 1016 2506 harmonia
1040 2463 1251 2526 corpus
1274 2448 1487 2507 sentire
1512 2446 1704 2507 solere
1720 2492 1739 2523 ,

317 2531 603 2608 principio
628 2529 687 2588 fit
716 2531 795 2589 uti
825 2528 1082 2590 detracto
1107 2548 1352 2610 corpore
1381 2530 1558 2590 multo

154 2623 292 2678 ‚120
322 2630 501 2692 saepe
523 2622 712 2672 tamen
740 2613 905 2674 nobis
928 2616 985 2672 in
1007 2616 1275 2679 memhris
1302 2615 1418 2673 vita
1439 2624 1719 2674 moretur:

320 2704 493 2775 atque
520 2696 721 2756 eadem
743 2714 963 2757 rursum
983 2742 1000 2773 ,
1031 2715 1157 2756 cum
1182 2714 1427 2775 corpora
1448 2714 1632 2775 pauca
1658 2696 1865 2759 caloris

318 2780 600 2858 diffugere
624 2779 894 2859 forasque
918 2798 1027 2859 per
1050 2798 1116 2842 os
1142 2790 1233 2841 est
1255 2780 1439 2842 editus
1464 2788 1599 2858 aer,

319 2863 536 2924 deserit
559 2863 852 2942 extemplo
876 2881 1052 2926 venas
1077 2875 1247 2943 atque
1270 2882 1402 2925 ossa
1425 2864 1721 2943 relinquit;

317 2964 567 3008 noscere
591 2958 650 3008 ut
673 2946 806 3007 hinc
828 2950 1019 3027 possis
1046 2966 1156 3007 non
1183 2967 1395 3028 aequas
1441 2952 1623 3009 omnia
1649 2950 1823 3029 partis

184 3041 288 3093 125
323 3049 568 3110 corpora
589 3030 805 3091 habere
828 3037 1018 3110 neque
1044 3052 1119 3094 ex
1141 3051 1327 3111 aequo
1357 3031 1561 3093 fulcire
1592 3032 1865 3113 salutem,

318 3114 425 3178 sed
447 3117 630 3193 magis
654 3114 802 3175 haec
817 3162 834 3193 ,
857 3117 1014 3177 venti
1038 3134 1184 3195 quae
1211 3126 1339 3177 sunt
1370 3115 1650 3197 calidique
1673 3119 1904 3197 vaporis

327 3200 543 3260 semina
557 3244 575 3275 ‚
605 3217 805 3259 curare
827 3202 883 3260 in
906 3199 1170 3260 membris
1194 3210 1256 3260 ut
1278 3202 1391 3260 vita
1411 3211 1681 3262 moretur.

317 3292 410 3343 est
437 3283 610 3361 igitur
634 3280 791 3343 calor
810 3302 880 3343 ac
901 3294 1105 3344 ventus
1130 3284 1316 3345 vitalis
1340 3286 1547 3363 inipso

321 3384 570 3446 corpore
592 3413 610 3445 ‚
638 3369 733 3446 qui
754 3368 920 3429 nobis
950 3368 1314 3428 moribundos
1346 3366 1561 3428 deserit
1583 3377 1755 3430 artus.

184 3459 292 3513 130
318 3460 677 3529 quapropter
699 3452 962 3530 quoniam
985 3462 1075 3512 est
1098 3454 1261 3511 animi
1284 3460 1478 3510 natura
1500 3462 1731 3529 reperta
1810 3529 1849 3587 5

228 3539 553 3594 Lucnsrms.
