2409 3825
1177 193 1261 254 111

380 376 441 427 et
467 364 647 426 veluti
668 382 866 424 manus
885 373 980 424 aut
1004 361 1208 423 oculus
1229 381 1474 425 naresve
1501 379 1761 423 seorsum

239 458 356 513 ⁶50
385 459 613 512 secreta
634 448 705 509 ab
728 448 897 512 nobis
921 456 1214 526 nequeunt
1241 448 1455 508 sentire
1478 465 1670 526 neque
1693 465 1829 507 esse
1843 493 1865 526 ,

383 532 489 594 sed
510 545 699 593 tamen
725 535 782 591 in
803 549 983 610 parvo
1006 532 1291 592 lincuntur
1309 541 1572 610 tempore
1599 532 1752 606 tabi,

381 619 469 690 sic
489 620 704 678 animus
726 635 834 695 per
854 636 919 677 se
944 633 1058 676 non
1084 619 1204 694 quit
1226 617 1347 676 sine
1375 632 1620 695 corpore
1645 625 1704 675 et
1726 616 1855 691 ipso

382 719 516 762 esse
537 702 765 761 homine
782 746 800 778 ‚
830 701 986 762 illius
1011 702 1171 780 quasi
1200 700 1352 779 quod
1373 718 1474 761 vas
1498 718 1633 761 esse
1656 698 1914 778 videtur,

381 787 504 845 sive
536 784 688 846 aliud
710 785 844 863 quid
863 787 953 846 vis
982 787 1173 864 potius
1205 787 1559 846 coniunctius
1584 785 1639 843 ei

239 879 353 931 555
377 869 628 947 fingere:
654 868 1107 948 quandoquidem
1138 887 1364 930 conexu
1388 886 1600 948 corpus
1620 868 1890 929 adhaeret
1943 884 1947 888 ·

382 952 626 1033 denique
642 1000 661 1031 ,
693 957 955 1032 corporis
981 963 1153 1033 atque
1182 956 1352 1015 animi
1373 956 1557 1015 vivata
1579 962 1838 1032 potestas

379 1039 526 1097 inter
551 1057 616 1099 se
642 1040 941 1098 coniuncta
961 1037 1154 1099 valent
1181 1040 1411 1118 vitaque
1434 1039 1721 1098 fruuntur:

379 1139 491 1181 nec
513 1124 636 1182 sine
663 1140 911 1200 corpore
948 1125 1098 1182 enim
1120 1123 1311 1184 vitalis
1335 1123 1509 1184 edere
1534 1133 1721 1184 motus

381 1205 504 1266 sola
530 1216 722 1285 potest
750 1209 918 1266 animi
944 1225 1054 1286 per
1076 1227 1142 1267 se
1171 1218 1367 1268 natura
1389 1227 1499 1267 nec
1521 1217 1710 1267 autem

233 1299 358 1354 560
388 1308 611 1351 cassum
632 1293 815 1351 anima
846 1309 1060 1370 corpus
1086 1292 1288 1353 durare
1315 1303 1372 1353 et
1394 1292 1660 1352 sensibus
1683 1295 1780 1352 uti.

380 1373 607 1435 scilicet
623 1421 642 1453 ,
665 1373 898 1437 avolsus
921 1376 1205 1437 radicibus
1229 1385 1288 1436 ut
1311 1379 1507 1456 nequit
1529 1374 1699 1436 ullam

380 1457 666 1537 dispicere
695 1461 825 1537 ipse
851 1460 1055 1520 oculus
1078 1479 1201 1520 rem
1232 1478 1491 1521 seorsum
1514 1477 1762 1538 corpore
1790 1471 1914 1521 toto
1931 1508 1950 1540 ‚

379 1543 464 1603 sic
491 1544 673 1602 anima
701 1554 872 1623 atque
901 1547 1118 1607 animus
1140 1564 1249 1624 per
1272 1564 1336 1606 se
1359 1545 1437 1604 nil
1460 1562 1637 1624 posse
1666 1545 1893 1605 videtur

376 1627 632 1686 nimirum
647 1673 665 1705 ,
692 1632 821 1707 quia
837 1648 958 1707 per
977 1647 1156 1689 venas
1184 1640 1244 1690 et
1265 1631 1490 1690 viscera
1513 1630 1728 1687 mixtim
1743 1675 1760 1705 ,

235 1718 352 1774 565
380 1728 487 1788 per
509 1728 722 1770 nervos
743 1722 914 1790 atque
945 1731 1110 1792 ossa,
1136 1723 1403 1775 tenentur
1428 1730 1675 1791 corpore
1698 1712 1769 1772 ab
1800 1715 1951 1772 omni

373 1812 489 1854 nec
509 1798 730 1873 magnis
750 1796 1063 1858 intervallis
1088 1798 1392 1877 primordia
1421 1807 1661 1876 possunt

376 1878 558 1940 libera
579 1878 880 1942 dissultare
896 1928 914 1960 ,
945 1881 1079 1942 ideo
1104 1880 1376 1943 conclusa
1399 1892 1699 1942 moventur

379 1963 693 2025 sensiferos
718 1976 907 2026 motus
924 2013 942 2045 ,
969 1981 1115 2044 quos
1137 1978 1300 2028 extra
1326 1984 1536 2044 corpus
1563 1968 1617 2025 in
1645 1984 1809 2028 auras

376 2049 529 2108 aeris
549 2048 682 2109 haut
707 2061 946 2128 possunt
972 2061 1105 2129 post
1126 2061 1372 2111 mortem
1396 2045 1581 2111 eiecta
1603 2053 1822 2110 moveri

227 2137 354 2193 570
380 2142 686 2210 propterea
710 2135 837 2213 quia
856 2151 970 2193 non
999 2135 1166 2197 simili
1187 2137 1406 2196 ratione
1428 2143 1721 2195 tenentur:

381 2231 592 2296 corpus
617 2220 766 2277 enim
786 2226 959 2297 atque
986 2221 1240 2280 animans
1269 2222 1378 2280 erit
1401 2226 1532 2297 aer,
1559 2222 1605 2278 si
1635 2218 1908 2279 cohibere

315 2365 322 2370 ,
374 2301 434 2357 ἰιι
462 2318 527 2361 se
557 2301 792 2364 animam
817 2312 987 2382 atque
1015 2304 1071 2362 in
1103 2321 1210 2365 eos
1232 2306 1442 2383 poterit
1468 2301 1816 2364 concludere
1841 2315 2062 2382 motus,

291 2435 294 2438 ,
378 2399 525 2460 quos
546 2395 675 2445 ante
697 2388 754 2445 in
777 2390 969 2449 nervis
992 2397 1050 2447 et
1077 2389 1135 2447 in
1161 2390 1292 2466 ipso
1318 2405 1562 2466 corpore
1583 2387 1809 2464 agebat.

378 2481 552 2543 quare
578 2471 745 2529 etiam
766 2481 937 2549 atque
964 2473 1133 2532 etiam
1161 2472 1422 2533 resoluto
1446 2473 1706 2551 corporis
1736 2473 1888 2531 omni

223 2557 350 2614 575
380 2553 632 2629 tegmine
662 2562 722 2612 et
742 2556 946 2615 eiectis
969 2567 1129 2616 extra
1151 2555 1417 2618 vitalibus
1437 2560 1587 2617 auris

376 2634 613 2696 dissolui
636 2656 840 2699 sensus
861 2640 1025 2699 animi
1044 2640 1263 2700 fateare
1286 2651 1590 2700 necessest

372 2727 543 2797 atque
563 2722 833 2800 animam,
866 2726 1127 2802 quoniam
1152 2728 1507 2785 coniunctast
1538 2741 1706 2783 causa
1731 2723 1970 2783 duobus.

456 2802 720 2884 Denique
746 2825 874 2865 cum
899 2826 1111 2886 corpus
1139 2818 1388 2887 nequeat
1411 2807 1672 2886 perferre
1694 2809 1894 2866 animai

372 2883 700 2967 discidium,
726 2892 859 2968 quin
883 2893 940 2950 in
968 2902 1152 2952 taetro
1172 2893 1432 2955 tabescat
1455 2891 1633 2950 odore
1649 2935 1668 2966 ‚

227 2976 348 3031 580
375 2971 507 3048 quid
532 2972 753 3033 dubitas
783 2976 915 3053 quin
945 2994 1022 3035 ex
1043 2976 1155 3036 imo
1186 2979 1530 3056 penitusque
1563 2985 1759 3035 coorta

372 3059 641 3116 emanarit
670 3059 751 3117 uti
773 3057 960 3119 fumus
990 3059 1191 3121 diffusa
1218 3063 1435 3121 animae
1467 3062 1554 3119 vis
1577 3106 1593 3136 ‚

367 3146 538 3216 atque
560 3140 693 3200 ideo
712 3151 866 3203 tanta
887 3153 1155 3203 mutatum
1180 3156 1346 3222 putre
1369 3147 1524 3202 ruina

371 3223 683 3284 conciderit
709 3243 955 3304 corpus,
985 3230 1213 3304 penitus
1244 3230 1370 3307 quia
1392 3239 1543 3287 mota
1567 3227 1701 3286 loco
1731 3238 1859 3290 sunt

365 3304 757 3387 fundamenta,
788 3311 942 3373 foras
965 3314 1430 3383 mananteanima
1454 3330 1637 3390 usque
1667 3329 1774 3390 per
1799 3322 1956 3372 artus

219 3398 340 3452 585
367 3407 589 3471 perque
619 3394 834 3455 viarum
857 3399 1039 3456 omnis
1070 3397 1286 3473 flexuS,
1318 3400 1373 3455 in
1399 3414 1644 3473 corpore
1671 3398 1765 3473 qui
1795 3404 1956 3469 sunt,

361 3481 533 3553 atque
562 3477 877 3540 foramina?
907 3479 1250 3541 multimodis
1282 3491 1339 3540 ut
1362 3496 1610 3539 noscere
1640 3481 1831 3557 possis

1439 3686 1577 3699 ’,φ-ψ..
