2409 3825
658 189 778 239 xv,
847 189 1368 241 nramuonms.
1410 189 1562 239 4—6.
1991 181 2080 246 59

125 323 493 393 Chabriam
510 324 993 409 Athenionem,
1013 325 1092 392 de
1119 347 1249 411 quo
1278 347 1474 412 supra
1499 329 1894 395 mentionem
1920 329 2075 396 feci·

123 428 304 492 mus,
353 409 580 474 effecit.
649 410 1073 476 abstinentiae
1117 411 1241 476 erit
1280 410 1406 476 hoc
1433 411 1588 477 satis
1615 413 2073 480 testimonium.
2103 432 2139 482 c

121 494 428 642 Elui-ima
468 493 728 578 quidem
768 493 1057 592 proferre
1146 515 1458 577 ossumus,
1501 494 1614 561 sed
1639 496 1871 563 modus
1897 497 2079 563 adhi-

174 577 397 642 endus
423 581 539 661 est,
585 597 892 661 quomam
932 598 1065 644 uno
1156 599 1235 644 oc
1260 578 1592 646 volumine
1631 581 1833 646 vitam
1875 583 2080 647 excel-

121 661 421 727 lentium
442 662 729 727 virorum
754 662 1181 747 complurium
1201 663 1581 729 concludere
1609 664 2078 747 constituimus,

123 764 427 831 quorum
451 746 797 831 separatim
823 746 1046 815 multis
1072 747 1335 812 milibus
1372 767 1676 816 versuum
1715 749 2078 834 complures

123 830 269 897 scri
315 833 494 895 tores
533 822 709 929 ante‘
725 850 848 929 nos
890 831 1308 915 explicarunt.
1514 915 1528 931 ·

118 850 283 943 “⁶⁶''
315 904 472 979 Fufi
506 916 716 980 “etiam
758 914 1066 998 disertus,
1121 919 1199 981 ut
1236 936 1427 982 nemo
1471 937 1532 982 ei
1572 914 1920 983 Thebanus
1961 938 2079 1003 par
2109 918 2163 1003 5⁸.⁴
2227 972 2230 977 .

122 1001 316 1065 esset
343 998 729 1082 eloquentia,
772 1018 985 1084 neque
1025 999 1240 1065 minus
1270 1000 1623 1079 concinnus
1664 1001 1736 1066 in
1765 1002 2077 1067 brevitate

125 1080 579 1167 respondendi
619 1103 817 1168 quam
840 1083 912 1148 in
1020 1088 1250 1169 rpetua
1277 1084 1567 1151 oratione
1609 1089 1892 1152 ornatus.
1965 1087 2075 1152 ha·
2102 1101 2136 1151 2
2197 1100 2206 1117 ‘

125 1166 292 1233 buit
357 1166 850 1235 obtrectatorem
984 1168 1317 1233 enecliden
1378 1168 1697 1253 quendam
1713 1220 1730 1250 ,
1791 1169 2077 1236 indidem

125 1250 407 1336 Thebis,
451 1254 519 1316 et
558 1250 991 1316 adversarium
1030 1253 1103 1318 in
1140 1251 1646 1319 administranda
1685 1275 1757 1319 re
1796 1255 2075 1338 publica,

126 1336 303 1402 satis
348 1333 766 1402 exercitatum
806 1336 879 1400 in
920 1335 1191 1402 dicendo
1204 1387 1220 1417 ,
1264 1341 1340 1401 ut
1380 1336 1759 1402 Thebanum
1801 1338 2075 1403 scilicet:

126 1439 429 1504 namque
480 1419 579 1484 illi
632 1420 812 1505 genti
862 1420 1007 1504 plus
1060 1420 1232 1485 inest
1271 1420 1507 1485 virium
1560 1441 1754 1505 quam
1804 1422 1873 1486 in
1961 1422 2074 1488 nii.

127 1501 673 1654 {assisa
692 1503 1226 1654 amssa?
1252 1441 2136 1670 {cesaries

126 1692 225 1739 ne
271 1671 450 1737 illius
501 1672 904 1769 imperatoris
948 1638 1144 1757 opera
1198 1611 1677 1738 &sideraretun
1763 1672 1918 1739 huic
1964 1674 2080 1738 ille

128 1755 368 1822 ‘fanis’
433 1756 649 1853 inquit
710 1756 929 1823 ‘verbo
983 1756 1155 1822 cives
1195 1760 1345 1822 tuos
1360 1807 1375 1837 ,
1432 1756 1605 1840 quod
1656 1757 1780 1822 hos
1822 1781 1861 1822 a
1902 1757 2075 1823 bello

129 1860 408 1908 avocas:
454 1839 574 1905 otii
602 1841 776 1905 enim
813 1841 1076 1907 nomine
1119 1842 1495 1920 servitutem
1524 1841 1846 1908 concilias.
1919 1863 2073 1908 nam
2103 1854 2137 1904 4

182 1927 399 1992 aritur
423 1947 553 2010 pax
577 1923 770 1991 bello.
842 1927 935 1991 ita
980 1946 1060 1992 ue
1089 1927 1202 2010 qui
1246 1947 1324 1991 ea
1361 1926 1612 1991 diutina
1650 1927 1882 1993 volunt
1921 1927 2074 2011 frui,

128 1950 320 2076 gello
350 2009 677 2074 exercitati
706 2030 842 2075 esse
881 1947 1135 2075 delient.
1210 2031 1406 2094 quare
1448 2012 1504 2076 si
1531 2010 1852 2096 principes
1882 2010 2077 2076 Grae·

131 2095 284 2160 ciac
327 2093 524 2158 vultis
566 2114 721 2177 esse,
765 2095 988 2159 castris
1031 2098 1131 2159 est
1169 2095 1358 2160 vobis
1399 2094 1736 2180 utendum,
1787 2116 1923 2160 non
1965 2115 2077 2179 pa·

131 2179 425 2248 laestra!
522 2175 693 2243 idem
743 2177 853 2243 ille
896 2177 1284 2243 Meneclides
1335 2199 1486 2244 cum
1533 2178 1689 2244 huic
1748 2178 2070 2262 obiiceret,
2100 2190 2135 2241 5
2172 2223 2286 2284 Vs

133 2261 323 2349 quod
374 2260 611 2327 liberos
663 2281 799 2327 non
862 2262 1133 2328 haberet
1180 2284 1263 2328 ne
1311 2245 1721 2329 u3'7'ixorem
1774 2262 2075 2343 duxisset,
2151 2297 2159 2306 ·

131 2346 550 2443 maximeque
611 2346 1022 2412 insolentiam
1030 2349 1061 2431 ,‘
1133 2284 1309 2431 quod
1380 2347 1503 2413 sibi
1566 2349 2076 2445 Agamemnonis

133 2430 300 2497 belli
346 2429 620 2515 gloriam
674 2429 999 2497 videretur
1049 2434 1461 2497 consecutus:
1526 2435 1597 2496 at
1648 2432 1764 2496 ille
1806 2431 2073 2496 ‘desine’

135 2516 212 2581 in
260 2514 365 2614 uit
405 2511 815 2612 ‘Mepessli‘h'
875 2513 969 2612 de,
1007 2535 1208 2612 uxore
1249 2514 1425 2612 mibi.
1454 2515 1867 2599 exprobrare:
1922 2534 2076 2579 nam

134 2598 2077 2768 {ffimuffisseffieffsssffissf'offlssn“fflisstssnss⁰¹?{uo(i¹{{⁰t23
2100 2696 2134 2746 ο

137 2788 248 2833 me
300 2767 363 2844 A
412 2787 858 2832 amemnonem
912 2766 1223 2832 aemulari
1274 2769 1463 2851 putas
1476 2815 1493 2847 ,
1549 2764 1810 2831 falleris.
1896 2786 2077 2832 nam·-

139 2871 270 2936 que
312 2851 337 2915 i
390 2871 426 2914 e
453 2871 600 2918 cum
627 2851 928 2916 universa
955 2849 1226 2917 Graecia
1264 2850 1375 2916 vix
1403 2850 1621 2915 decem
1662 2849 1850 2915 annis
1877 2871 2076 2917 unam

139 2936 319 3019 cepit
360 2934 583 3000 urbem
598 2984 615 3016 ,
660 2956 781 3020 ego
824 2938 1050 3001 contra
1091 2956 1168 2999 ea
1209 2955 1342 2999 una
1381 2935 1539 3000 urbe
1579 2938 1806 3001 nostra
1844 2934 2075 3019 dieque

137 3040 278 3087 uno
320 3022 530 3084 totam
562 3017 899 3085 Graeciam
926 3017 1448 3084 Lacedaemoniis
1488 3019 1730 3105 fugatis
1757 3018 2071 3084 liberavi?

310 3101 494 3168 Idem
535 3122 685 3168 oum
724 3103 796 3167 in
833 3106 1224 3169 conventum
1262 3103 1543 3169 venisset
1582 3103 1923 3185 Arcadum,
1967 3122 2077 3188 pe·
2103 3102 2148 3167 6
2241 3095 2324 3140 μ’

139 3190 289 3254 tens
315 3191 393 3252 ut
431 3170 802 3253 soci'e'ffi'tem
828 3207 976 3253 cum
1000 3186 1327 3253 Thebanis
1370 3191 1437 3252 et
1462 3187 1725 3274 Argivis
1764 3186 2073 3270 facerent,

142 3275 495 3355 contraque
562 3269 993 3353 Callistratus,
1058 3270 1555 3336 Atheniensium
1616 3271 1898 3356 legatus,
1958 3273 2075 3357 qui

142 3355 515 3441 eloquentia
557 3376 778 3421 omnes
823 3376 899 3419 eo
945 3355 1317 3439 praestabat
1354 3359 1673 3437 tempore,
1715 3354 2075 3437 postularet

141 3443 216 3505 ut
276 3439 501 3526 potius
557 3438 907 3505 amicitiam
959 3442 1378 3523 sequerentur
1427 3437 1823 3522 Atticorum,
1876 3439 1945 3500 et
1998 3434 2072 3496 in
