2409 3825
300 157 338 214 4
1161 160 1384 208 PERSII

300 307 469 367 Nilne
511 305 687 385 pudet
733 303 905 383 capiti
949 318 1062 360 non
1107 319 1288 380 posse
1334 301 1596 379 pericula
1644 320 1786 362 cano

299 391 565 466 Pellere,
615 390 747 466 quin
792 386 1046 464 tepidum
1091 386 1205 445 hoc
1252 395 1420 463 optes
1461 386 1660 445 audire
1705 389 2036 448 decernet-1²
2380 447 2382 454 Α

299 474 414 534 Fur
455 492 553 548 eS‚
602 475 678 532 ait
721 470 927 538 Pedio:
973 469 1179 527 Pedius
1224 465 1401 548 quid?
1447 470 1679 529 crimina
1724 471 1871 529 rasis
2206 483 2284 536 85
2379 481 2382 594 ἰ

298 557 491 617 Librat
539 559 595 615 in
642 554 964 627 antithetis,
1017 551 1220 611 doctas
1268 554 1534 630 posuisse
1584 554 1794 629 figuras

282 635 612 701 Laudatur:
663 640 880 700 bellum
921 637 1069 697 hoc!
1108 635 1234 694 Hoc
1271 633 1528 694 bellum?
1575 655 1678 711 an,
1716 635 1992 712 Romule,
2032 637 2280 697 ceves?
2377 639 2382 682 l

299 724 449 783 Men'
493 731 721 782 moveat
771 722 984 798 quippe
1032 728 1119 793 et,
1173 728 1363 778 cantet
1407 720 1455 777 si
1504 718 1844 796 naufragus,
1897 738 2092 779 assem
2381 705 2382 734 ³

300 803 678 866 Protulerim?
725 781 1168 881 cantaS‚‘quum
1214 803 1396 861 fracta
1435 810 1494 860 te
1541 804 1598 861 in
1645 803 1809 863 trabe
1855 805 2068 882 pictum
2375 771 2382 874 l

300 890 405 962 Ex,
436 891 674 949 humero
722 885 971 966 portes?
1013 904 1214 944 verum
1258 902 1367 944 nec
1415 895 1588 945 nocte
1641 895 1893 964 paratum
2198 900 2280 952 9ο

301 973 578 1048 Plorabit‚
626 973 721 1049 qui
764 988 855 1029 me
903 968 1065 1029 volet
1106 970 1437 1028 incurvasse
1484 969 1764 1047 querella.
1793 1005 1877 1017 —

384 1056 503 1116 Sed
551 1056 799 1114 numeris
848 1054 1029 1113 decor
1076 1062 1166 1111 est
1219 1062 1278 1111 et
1328 1054 1584 1111 iunctura
1636 1052 1824 1113 addita
1869 1054 2084 1113 crudis.

305 1139 589 1200 Claudere
634 1139 720 1196 sic
763 1154 993 1196 versum
1034 1136 1260 1196 didicit:
1311 1134 1714 1215 Berecyntius
1756 1133 1950 1205 Attis,-

303 1223 410 1284 Et:
455 1225 558 1301 qui
599 1222 951 1282 caeruleum
995 1220 1321 1281 dirimebat
1363 1217 1571 1280 Nerea
1613 1220 1856 1297 delphin
1868 1243 1895 1288 ,-

303 1309 429 1367 Sic:
476 1314 701 1368 costam
741 1305 917 1381 lonyo
952 1304 1356 1364 subduximus
1399 1299 1780 1381 Appennino,
2195 1316 2278 1368 95
2381 1337 2382 1354 2

303 1390 497 1451 Arma
538 1392 769 1463 virum,
814 1405 1003 1447 nonne
1046 1386 1159 1445 hoc
1203 1404 1535 1464 spumosum
1586 1395 1644 1444 et
1687 1387 1905 1445 cortice
1948 1388 2173 1464 pingui,

303 1475 377 1534 Ut
419 1472 634 1533 ramale
676 1480 846 1530 vetus
891 1469 1238 1548 praegrandi
1280 1470 1493 1529 subere
1531 1466 1906 1528 coctum?—

305 1556 582 1630 Quidnam
627 1556 800 1632 igitur
848 1563 1107 1614 tenerum
1162 1562 1222 1611 et
1267 1554 1397 1612 laxa
1445 1555 1677 1612 cervice
1720 1551 2070 1629 legendum?

311 1640 511 1702 Torva
551 1639 940 1700 mimalloneis
988 1638 1313 1715 implerunt
1358 1655 1590 1698 cornua
1638 1637 1893 1712 bombis,

306 1722 386 1785 Et
422 1730 665 1801 raptum
703 1723 887 1784 vitulo
928 1730 1114 1799 caput
1150 1722 1439 1783 ablatura
1481 1721 1744 1799 superbo
2164 1734 2272 1783 100
2381 1783 2382 1788 ,

305 1807 604 1869 Bassaris
648 1814 707 1867 et
751 1806 984 1885 lyncem
1028 1802 1288 1865 Maenas
1332 1803 1577 1882 flexura
1624 1803 1922 1883 corymbis

304 1888 543 1953 Euhion
580 1891 943 1969 inyemirea&
987 1888 1362 1968 reparabilis
1404 1889 1668 1950 adsonat
1707 1887 1896 1951 echo?

303 1974 463 2035 Haec
514 1975 750 2049 fierent,
796 1974 844 2032 si
890 1972 1142 2033 testiculi
1194 1990 1342 2032 vena
1396 1972 1513 2032 ulla
1561 1972 1784 2050 paterni
2377 1978 2380 2071 Α

302 2059 544 2118 Viveret
595 2058 651 2116 in
697 2054 912 2116 nobis?
966 2074 1180 2121 summa
1228 2055 1495 2115 delumbe
1547 2055 1727 2114 saliva

303 2140 431 2201 Hoc
479 2150 633 2201 natat
674 2142 731 2199 in
779 2141 989 2217 labris,
1041 2149 1100 2200 et
1143 2142 1201 2198 in
1245 2139 1358 2199 udo
1403 2148 1491 2198 est
1534 2138 1767 2198 Maenas
1816 2146 1872 2196 et
1921 2137 2095 2211 Attis,
2163 2151 2268 2201 105

302 2224 430 2284 Nec
478 2225 732 2302 pluteum
777 2224 993 2299 caedit,
1040 2242 1151 2283 nec
1198 2223 1498 2283 demorsos
1545 2225 1695 2300 sapit
1737 2220 1977 2298 ungues·
2009 2256 2093 2267 —-

389 2308 507 2367 Sed
550 2308 684 2386 quid
738 2324 884 2384 opus
930 2307 1184 2367 teneras
1210 2306 1466 2365 mordaci
1509 2305 1717 2365 radere
1761 2320 1903 2364 vero

306 2388 657 2450 Auriculas?
699 2391 833 2465 vide
882 2392 997 2467 siS‚
1043 2409 1116 2450 ne
1162 2392 1435 2450 maiorum
1483 2389 1583 2448 tibi
1629 2389 1782 2448 forte

303 2475 517 2533 Limina
560 2475 905 2552 frigescant:
958 2483 1122 2533 sonat
1162 2475 1257 2533 hic
1309 2472 1381 2532 de
1425 2491 1561 2531 nare
1613 2474 1815 2532 canina

303 2558 537 2618 Littera.
564 2591 648 2603 —·
688 2557 799 2617 Per
842 2575 933 2615 me
971 2559 1238 2636 equidem
1279 2554 1389 2614 sint
1429 2557 1615 2632 omnia
1663 2556 1919 2634 protinus
1958 2552 2123 2619 alba:
2163 2567 2265 2617 110

303 2640 399 2700 Nil
452 2658 665 2700 moror.
716 2640 911 2717 Euge!
952 2658 1184 2715 omneS,
1237 2657 1437 2699 omnes
1488 2639 1638 2698 bene
1681 2639 1857 2697 mirae
1904 2638 2062 2696 eritis
2113 2657 2234 2696 res,

303 2724 430 2784 Hoc
454 2721 647 2785 iuvat?
711 2723 845 2799 Hic,
886 2726 1103 2803 inquiS,
1134 2732 1271 2782 veto
1309 2723 1610 2801 quisquam
1637 2721 1778 2781 faxit
1807 2717 2065 2780 oletum?

304 2808 483 2885 Pinge
533 2807 676 2867 duos
723 2825 974 2884 angues:
1034 2808 1228 2885 pueri,
1277 2824 1447 2865 sacer
1496 2815 1585 2863 est
1630 2804 1825 2880 locus,
1880 2811 2045 2864 extra

304 2890 534 2949 Meiite!
580 2890 840 2950 discedo.
888 2890 1087 2950 Secuit
1129 2889 1382 2948 Lucilius
1424 2887 1645 2961 urbem,

306 2973 389 3032 Te
438 2972 629 3052 Lupe,
679 2982 736 3033 te
782 2972 966 3048 Muci,
1019 2981 1078 3032 et
1117 2975 1423 3050 genuinum
1465 2972 1641 3047 fregit
1686 2970 1742 3029 in
1793 2969 1937 3036 illis;
2160 2981 2258 3031 115

307 3055 487 3114 Omne
534 3056 699 3115 vafer
742 3059 936 3117 vitium
982 3056 1185 3115 ridenti
1231 3055 1476 3117 Flaccus
1524 3056 1707 3113 amico
2133 3050 2140 3055 ’

304 3136 510 3209 Tangit
555 3145 613 3195 et
657 3138 934 3197 admissus
982 3140 1194 3197 circum
1242 3130 1584 3215 prae'cordia
1630 3134 1792 3209 ludit,

307 3213 561 3273 Callidus
619 3235 867 3278 excusso
910 3220 1183 3297 populum
1234 3219 1592 3295 suspendere
1641 3233 1811 3276 naso:

305 3288 454 3381 Men'
489 3301 714 3356 muttire
753 3298 958 3359 nefas?
996 3319 1105 3359 nec
1142 3302 1324 3373 clam,
1362 3317 1472 3359 nec
1498 3318 1624 3358 cum
1651 3298 1896 3374 scrobe,
1937 3295 2256 3375 nusquam?

305 3366 409 3423 Hic
453 3379 639 3433 tamen
686 3379 982 3440 infodiam:
1031 3383 1179 3458 vidi,
1229 3382 1345 3441 vidi
1389 3383 1549 3458 ipse,
1588 3379 1822 3440 libelle:
2159 3390 2260 3443 120
