2409 3825
350 196 395 260 2
1008 208 1057 255 1.
1125 206 1530 255 mmumss.
1577 203 1623 252 1.

293 360 327 407 ⁶
353 346 1029 511 Ξὲᾃῖἶωὲὠοέἑὲἴ
1044 341 1463 507 ἳῗιοῗῖέᾞέ
1481 340 2078 509 ὥῖἰῗῗηωοζξῖῗὲ
2107 345 2300 490 „¹3¹3ss

351 512 793 577 Romanorum
855 509 1055 593 pudet
1115 529 1382 572 uxorem
1445 507 1672 572 ducere
1735 508 1807 572 in
1863 509 2235 573 convivium
2250 509 2295 572 *Ρ

353 601 468 661 aut
520 597 701 661 cuius
754 616 890 659 non
943 596 1148 657 mater
1186 591 1467 656 familias
1519 592 1801 676 primum
1843 592 2060 657 locum
2099 597 2292 656 tenet

304 695 334 743 7
357 681 611 746 aedium
653 683 844 762 atque
886 678 958 742 in
1001 676 1366 742 celebritate
1410 680 1700 740 versatur
1713 675 1747 739 ?
1845 677 2021 760 quod
2071 676 2290 740 multo

352 767 431 830 fit
472 764 658 829 aliter
698 764 770 826 in
814 761 1100 827 Graecia.
1193 782 1345 824 nam
1387 782 1598 844 neque
1651 761 1723 824 in
1762 760 2131 824 convivium
2174 760 2293 825 ad-

351 849 612 914 hibetur
649 847 777 911 nisi
813 847 1354 929 propinquorum,
1398 866 1607 928 neque
1650 843 1828 909 sedet
1878 845 2007 908 nisi
2058 845 2130 907 in
2184 845 2291 908 in-

351 933 588 998 teriore
630 935 813 1015 parte
868 929 1150 1012 aedium,
1194 950 1358 1012 quae
1413 927 1855 1024 gynaeconitis
1898 927 2290 1011 appellatur,
2367 984 2368 987 ,

355 1038 483 1102 quo
537 1036 729 1080 nemo
785 1013 1029 1078 accedit
1067 1013 1195 1076 nisi
1248 1033 1614 1096 propinqua
1681 1012 2066 1097 cognatione
2130 1033 2291 1077 con-

294 1116 328 1165 8
357 1102 630 1165 iunctus.
718 1098 828 1161 sed
868 1097 975 1162 hic
1016 1096 1205 1180 plura
1234 1097 1533 1180 persequi
1574 1117 1721 1160 cum
1747 1095 2124 1180 magnitudo
2172 1117 2292 1161 vo-

352 1184 615 1248 luminis
677 1182 978 1266 prohibet
988 1232 1006 1263 ,
1068 1186 1210 1244 tum
1262 1179 1591 1256 festinatio
1604 1230 1624 1263 ,
1690 1183 1765 1243 ut
1817 1201 1894 1244 ea
1947 1179 2291 1262 explicem,

354 1290 517 1353 quae
563 1289 825 1330 exorsus
864 1287 1024 1329 sum.
1118 1285 1314 1348 quare
1369 1263 1452 1327 ad
1503 1264 1907 1347 propositum
1947 1265 2294 1328 veniemus

354 1357 422 1417 et
460 1353 532 1416 in
572 1350 698 1415 hoc
739 1370 1130 1433 exponemus
1157 1349 1324 1413 libro
1370 1348 1447 1412 de
1490 1349 1626 1412 vita
1668 1347 2117 1412 excellentium
2162 1348 2291 1412 im·

351 1441 739 1521 peratorum.
1713 1464 1726 1477 =

958 1789 1018 1864 Ι.
1121 1785 1660 1868 MILTIADES.

282 1944 318 2007 1
523 1938 877 2022 Miltiades,
932 1936 1221 2003 Cimonis
1271 1937 1470 2020 filius,
1514 1936 1958 2020 Atheniensis,
2012 1957 2163 2002 cum
2219 1942 2289 2002 et
2373 2007 2374 2020 χ

350 2024 735 2107 antiquitate
764 2022 1018 2108 generis
1046 2026 1114 2086 et
1140 2021 1351 2106 gloria
1376 2021 1693 2085 maiorum
1721 2024 1790 2084 et
1820 2042 1939 2084 sua
1963 2008 2290 2085 modestia

263 2112 277 2122 ‘
351 2130 518 2172 unus
562 2108 852 2172 omnium
877 2106 1152 2170 maxime
1179 2105 1440 2170 floreret
1480 2126 1681 2188 eaque
1723 2108 1892 2169 esset
1931 2107 2162 2188 aetate,
2207 2111 2291 2169 ut

350 2213 489 2257 non
530 2193 659 2255 iam
701 2190 911 2254 solum
953 2189 1031 2253 de
1073 2210 1151 2253 eo
1193 2189 1359 2253 bene
1400 2210 1655 2273 sperare
1672 2239 1692 2272 ,
1736 2187 1849 2253 sed
1889 2188 2085 2253 etiam
2128 2210 2286 2253 con-

350 2275 546 2338 fidere
575 2275 745 2338 cives
772 2275 1038 2356 possent
1077 2274 1196 2356 sui,
1238 2273 1436 2337 talem
1478 2294 1625 2337 eum
1664 2272 1975 2355 futurum,
2063 2273 2285 2338 nalem

352 2358 686 2443 cognitum
720 2356 1109 2440 iudicarunt,
1154 2357 1387 2421 accidit
1423 2360 1499 2420 ut
1540 2356 1968 2421 Athenienses
2109 2377 2288 2421 ersov

291 2458 326 2507 2
354 2464 581 2508 nesum
624 2440 888 2506 colonos
941 2440 1184 2505 vellent
1220 2442 1494 2505 mittere.
1591 2440 1771 2505 cuius
1833 2439 2087 2526 generis
2132 2462 2290 2522 cnm

351 2547 626 2611 magnus
679 2546 984 2590 numerus
1028 2529 1194 2589 esset
1236 2529 1303 2589 et
1360 2524 1552 2589 multi
1603 2524 1740 2588 eius
1794 2523 1962 2588 demi
2078 2524 2293 2589 tionis

351 2615 645 2697 peterent
685 2610 1086 2691 societatem,
1138 2631 1218 2673 ex
1258 2610 1339 2672 iis
1384 2608 1612 2673 delecti
1639 2607 1929 2706 Delphos
2011 2607 2286 2673 elibera-

350 2701 493 2760 tum
521 2695 700 2759 missi
741 2697 923 2777 sunt,
970 2693 1083 2776 qui
1113 2692 1524 2757 consulerent
1550 2692 1945 2777 Apollinem,
1991 2712 2124 2775 quo
2164 2713 2288 2775 po-

351 2780 670 2844 tissimum
712 2778 870 2841 duce
913 2780 1265 2841 uterentur.
1349 2797 1625 2859 namque
1668 2780 1810 2841 tum
1850 2775 2127 2840 Thraces
2171 2796 2288 2842 eas

351 2863 649 2948 regiones
689 2861 1027 2943 tenebant,
1082 2882 1232 2924 cum
1281 2860 1513 2943 quibus
1555 2860 1751 2924 armis
1794 2863 1933 2924 erat
1973 2859 2287 2925 dimican-

292 2961 327 3008 3
357 2949 527 3012 dum.
602 2946 704 3009 his
748 2944 1229 3010 consulentibus
1256 2944 1642 3008 nominatim
1668 2943 1907 3027 Pythia
1975 2944 2283 3028 raecepit,

350 3042 427 3095 ut
453 3028 810 3094 Miltiadem
837 3029 1289 3111 imperatorem
1330 3027 1455 3092 sibi
1494 3031 1846 3092 sumerent:
1889 3028 1915 3091 i
1995 3027 2055 3092 si
2094 3026 2286 3092 fecis—

292 3126 329 3172 4
356 3119 530 3195 sent,
573 3114 831 3195 incepta
870 3133 1179 3196 prospera
1217 3112 1453 3176 fu'tura.
1525 3112 1651 3176 hoc
1684 3111 1928 3177 oraculi
1967 3130 2284 3195 responso

353 3193 675 3258 Miltiades
718 3216 864 3258 cum
891 3194 1135 3259 delecta
1170 3217 1365 3259 manu
1410 3195 1606 3259 classe
1635 3195 2104 3260 Chersonesum
2130 3217 2284 3278 pro-

352 3275 560 3337 fectus
604 3297 748 3354 cum
791 3277 1156 3342 accessisset
1184 3278 1501 3342 Lemnum
1544 3282 1611 3343 et
1650 3278 1896 3343 incolas
1940 3279 2075 3343 eius
2103 3278 2284 3344 insu·

353 3355 455 3416 lae
509 3351 627 3417 sub
668 3362 1052 3437 potestatem
1079 3361 1218 3425 redi
1264 3383 1369 3425 ere
1398 3361 1595 3440 vellet
1623 3361 2141 3446 Atheniensium,
2183 3363 2281 3428 id·

294 3445 330 3491 ε»
359 3456 482 3515 que
512 3434 762 3500 Lemnii
789 3462 906 3504 sua
932 3448 1161 3523 sponte
1233 3450 1489 3509 acerent
1527 3445 1945 3531 postulasset,
1998 3445 2098 3512 illi
2134 3446 2284 3512 irri-
