2409 3825
1196 169 1280 230 111
2159 170 2238 241 87

407 347 615 426 frigida
638 365 808 425 quem
832 344 1015 407 semel
1044 355 1135 409 est
1154 346 1497 425 vitaipausa
1517 356 1734 408 secuta.

493 430 757 508 Denique
777 432 830 491 si
851 447 1056 490 vocem
1078 448 1267 490 rerum
1287 439 1480 490 natura
1503 441 1747 509 repente

255 525 381 579 930
407 518 586 577 mittat
608 524 667 574 et
688 513 801 574 hoc
823 513 992 574 alicui
1014 521 1268 575 nostrum
1289 515 1375 574 sic
1397 515 1659 593 increpet
1680 516 1804 593 ipsa
1821 560 1838 593 ‚

411 591 577 677 ‘quid
598 598 700 658 tibi
722 606 877 659 tanto
900 607 1171 677 operest,
1196 596 1449 659 mortalis
1467 597 1666 677 ‚quod
1685 600 1848 657 nimis
1869 601 2059 676 aegris

411 682 666 743 luctibus
684 677 994 761 indulges?
1018 681 1150 759 quid
1170 690 1409 741 mortem
1431 684 1725 759 congemis
1748 701 1816 743 ac
1840 681 1980 743 fles.
1960 681 1989 726 7
2036 746 2041 750 ,

412 784 540 826 nam
564 767 820 844 gratisne
842 765 946 826 fuit
966 766 1068 827 tibi
1089 767 1203 825 vita
1228 772 1358 825 ante
1380 774 1506 826 acta
1526 767 1796 846 priorque
1812 813 1830 845 ,

416 859 476 911 et
497 851 818 911 non‘omnia
835 859 1132 928 pertusum
1155 859 1433 926 congesta
1454 852 1615 927 quasi
1636 852 1694 910 in
1715 868 1817 911 vas

274 942 389 997 935
415 932 706 994 commoda
728 933 1060 1012 perfluxere
1077 943 1248 1011 atque
1272 935 1486 1009 ingrata
1506 935 1804 995 interiere:

417 1035 519 1076 cur
538 1035 652 1077 non
674 1025 735 1076 ut
758 1015 964 1096 plenus
988 1018 1141 1077 vitae
1170 1018 1410 1077 conviva
1429 1017 1658 1078 recedis
1673 1063 1693 1095 ‚

413 1117 598 1179 aequo
619 1102 917 1180 animoque
943 1103 1101 1180 capis
1123 1118 1423 1178 securam,
1455 1100 1662 1180 stulte,
1698 1100 1988 1180 quietem?

415 1186 505 1244 sin
526 1202 596 1245 ea
614 1202 762 1264 quae
786 1185 1006 1246 fructus
1031 1203 1274 1262 cumque
1297 1204 1362 1246 es
1389 1186 1619 1264 periere
1642 1185 1876 1265 profusa
1891 1232 1910 1263 ,

414 1269 643 1346 vitaque
666 1271 723 1328 in
747 1269 1058 1346 offensust,
1085 1287 1186 1329 cur
1208 1268 1447 1348 amplius
1471 1268 1681 1330 addere
1712 1272 1936 1347 quaeris
1953 1316 1972 1346 ,

273 1360 392 1415 940
411 1370 634 1412 rursum
656 1353 809 1431 quod
831 1362 1033 1431 pereat
1053 1352 1201 1413 male
1225 1362 1285 1413 et
1301 1355 1578 1431 ingratum
1600 1352 1824 1414 occidat
1848 1372 2012 1414 omne
2029 1399 2047 1432 ‚

413 1452 527 1495 non
549 1438 741 1515 potius
762 1438 913 1497 vitae
940 1437 1107 1497 finem
1132 1436 1276 1497 facis
1298 1446 1468 1514 atque
1490 1434 1745 1497 laboris?

412 1537 540 1579 nam
564 1520 667 1579 tibi
700 1529 1000 1600 praeterea
1023 1520 1176 1599 quod
1196 1519 1487 1582 machlner
1507 1522 1899 1599 inveniamque
1915 1567 1934 1598 ,

415 1603 570 1681 quod
588 1603 847 1685 placeat,
873 1603 950 1663 nil
972 1613 1091 1665 est:
1114 1605 1316 1665 eadem
1336 1614 1466 1665 sunt
1495 1606 1678 1664 omnia
1699 1623 1944 1683 semper.

415 1689 464 1747 si
492 1688 595 1748 tibi
615 1705 730 1749 non
751 1690 910 1749 annis
935 1706 1146 1767 corpus
1163 1690 1279 1748 iam
1298 1698 1513 1749 marcet
1538 1696 1598 1748 et
1620 1697 1774 1747 artus

275 1778 393 1833 945
418 1771 671 1832 confecti
691 1770 997 1850 languent,
1022 1771 1222 1832 eadem
1234 1781 1429 1838 tamen
1454 1773 1636 1839 omnia
1656 1779 1909 1850 restant,

417 1856 597 1916 omnia
621 1856 670 1916 si
693 1874 903 1936 pergas
925 1854 1171 1917 vivendo
1192 1857 1426 1918 vincere
1451 1855 1643 1917 saecla
1657 1901 1676 1933 ,

415 1948 586 2018 atque
609 1942 777 2001 etiam
797 1943 988 2019 potius
1002 1986 1020 2017 ,
1046 1942 1096 2000 si
1117 1959 1417 2019 numquam
1437 1943 1518 2002 sis
1541 1943 1842 2002 moriturus
1859 1941 1897 2017 ,‘

416 2023 547 2101 quid
570 2024 982 2102 respondemus
1000 2070 1018 2102 ,
1043 2027 1151 2085 nisi
1171 2026 1373 2086 iustam
1393 2024 1688 2086 intendere
1721 2024 1879 2086 litem

413 2115 663 2166 naturam
690 2117 749 2166 et
770 2126 963 2168 veram
984 2108 1179 2168 verbis
1204 2126 1497 2208 exponere
1522 2105 1789 2169 causam?

275 2198 395 2253 950
414 2191 681 2269 grandior
700 2190 795 2252 hic
816 2210 957 2253 vero
981 2195 1030 2253 si
1052 2194 1159 2251 iam
1180 2194 1485 2291 seniorque
1512 2201 1779 2271 queratur

414 2285 585 2353 atque
609 2274 821 2335 obitum
843 2275 1182 2337 lamentetur
1200 2277 1376 2337 miser
1395 2276 1634 2356 amplius
1656 2294 1845 2355 aequo
1861 2320 1879 2354 ,

413 2376 527 2418 ιιοιι
546 2360 748 2420 merito
771 2359 1040 2420 inclamet
1057 2361 1237 2437 magis
1262 2369 1321 2421 et
1343 2378 1493 2421 voce
1512 2362 1776 2438 increpet
1796 2355 1954 2422 acri?

415 2432 606 2502 ‘auser
628 2442 832 2503 abhinc
853 2443 1147 2521 lacrimas,
1173 2444 1393 2505 balatro
1407 2489 1425 2520 ,
1465 2454 1522 2505 et
1547 2461 1858 2523 compesce
1889 2438 2193 2522 querellaS.

415 2528 597 2585 omnia
621 2526 954 2625 perfunctus
976 2529 1111 2589 vitai
1131 2530 1379 2606 praemia
1397 2546 1648 2589 marces:

272 2616 388 2670 955
414 2608 519 2671 sed
542 2611 670 2687 quia
690 2629 923 2689 semper
941 2630 1080 2672 aves
1106 2611 1259 2690 quod
1280 2612 1478 2688 abest,
1502 2612 1825 2691 praesentia
1853 2610 2056 2669 temnis
2073 2653 2091 2685 ,

412 2692 733 2773 inperfecta
758 2696 858 2755 tibi
882 2695 1134 2774 elapsast
1159 2697 1490 2773 ingrataque
1512 2697 1627 2755 vita
1642 2739 1660 2772 ,

415 2786 474 2837 et
491 2779 852 2857 necopinanti
874 2797 1027 2840 mors
1049 2777 1120 2839 ad
1144 2788 1315 2858 caput
1335 2778 1548 2840 adstitit
1570 2787 1699 2838 ante

414 2879 580 2940 quam
602 2871 758 2922 satur
777 2881 847 2922 ac
870 2862 1075 2943 plenus
1099 2865 1293 2943 possis
1323 2862 1626 2924 discedere
1646 2879 1852 2921 rerum.

414 2963 563 3004 nunc
584 2945 769 3006 aliena
791 2955 886 3007 tua
907 2956 1093 3008 tamen
1115 2957 1302 3009 aetate
1327 2947 1510 3007 omnia
1530 2946 1688 3011 mitte
1704 2991 1724 3023 ‚

274 3034 392 3091 960
412 3046 599 3106 aequo
622 3032 954 3129 animoque,
979 3031 1262 3110 agedum,
1286 3033 1470 3108 gnatis
1498 3029 1788 3091 concede:
1811 3027 2157 3089 necessest.’

410 3114 567 3190 iure,
592 3122 653 3174 ut
676 3116 917 3213 opinor,
941 3123 1105 3193 agat,
1131 3116 1256 3175 iure
1279 3118 1538 3193 increpet
1561 3111 1906 3198 ineiletque:

413 3197 566 3257 cedit
597 3199 746 3257 enim
769 3218 959 3259 rerum
980 3200 1231 3259 novitate
1255 3208 1480 3260 extrusa
1504 3206 1758 3258 vetustas

411 3297 679 3359 semper,
707 3291 767 3342 et
791 3301 866 3344 ex
886 3281 1014 3343 aliis
1036 3281 1188 3343 aliud
1209 3300 1476 3361 reparare
1504 3290 1827 3342 necessest.

409 3382 520 3424 nec
543 3367 841 3445 quisquam
860 3369 922 3426 in
939 3365 1259 3428 barathrum
1279 3384 1390 3426 nec
1415 3364 1641 3425 Tartara
1668 3362 1890 3423 deditur
1912 3371 2030 3422 atra

263 3452 381 3509 965
406 3451 673 3509 materies
699 3467 849 3529 opus
871 3460 995 3527 est,
1020 3460 1081 3510 ut
1107 3443 1370 3510 crescant
1395 3458 1628 3527 postera
1652 3445 1874 3512 saecla;
