2409 3825
273 188 312 250 8
1121 165 1347 242 PER'sn

270 333 588 398 Venimus?
628 345 687 398 at
731 354 834 397 cur
875 352 991 396 non
1042 335 1236 414 potius
1282 343 1605 415 teneroque
1656 334 1924 397 columbo

269 421 345 481 Et
390 420 587 480 similis
631 438 832 498 regum
872 420 1070 498 pueris
1120 437 1382 497 pappare
1423 423 1695 480 minutum

270 506 470 565 Poscis
517 513 573 562 et
615 506 792 578 iratus
834 520 1111 564 mammae
1140 502 1359 563 'lallare
1401 500 1684 564 recusas?
1709 536 1804 549 —-
1939 547 1950 552 -

270 589 362 648 An
403 586 505 647 tali
550 587 812 647 studeam
855 583 1121 647 calamo?
1151 617 1236 633 —·
1278 584 1383 646 Cui
1428 584 1655 647 verba?
1703 587 1840 665 quid
1885 589 2029 648 istas

271 672 534 733 Succinis
577 667 898 747 ambages?
940 669 1045 728 tibi
1088 669 1326 738 luditur;
1382 670 1570 730 effluis
1607 688 1838 739 amens;
2173 682 2257 734 20

272 752 682 814 Contemnere!
746 755 926 813 Sonat
968 754 1164 811 vitium
1205 770 1521 830 percussa,
1567 754 1816 831 maligne
2046 749 2069 760 ’

269 836 612 916 Respondet
648 836 814 896 viridi
854 853 970 895 non
1012 844 1180 896 cocta
1224 835 1416 896 fidelia
1460 838 1634 897 limo.'

269 920 455 981 Udum
500 928 558 979 et
599 919 776 979 molle
829 920 1004 980 lutum
1047 937 1147 995 es,
1198 937 1350 979 nunc
1384 939 1533 980 nunc
1568 920 1969 999 properandus
2013 930 2073 979 et
2113 923 2249 981 acri

268 1003 598 1080 Fingendus
644 1004 769 1062 sine
814 1003 937 1062 fine*
973 1011 1121 1063 rota.
1191 1003 1311 1063 Sed
1357 1022 1491 1063 rure
1537 1013 1780 1082 paternp

269 1087 376 1146 Est
418 1087 519 1146 tibi
563 1087 649 1148 far
699 1087 1019 1162 modicum,
1072 1104 1275 1164 purum
1317 1096 1376 1145 et
1418 1089 1543 1146 sine
1584 1087 1719 1147 labe
1762 1088 2113 1147 salinum—
2169 1099 2248 1149 25

271 1169 422 1243 Quid
462 1168 835 1230 metuas?—-
876 1170 1203 1247 cultrixque
1245 1169 1364 1229 foci
1408 1188 1613 1230 secura
1661 1171 1896 1249 patella.

148 1258 157 1268 “
268 1254 395 1313 Hoc
439 1250 617 1313 satis?
663 1271 735 1314 an
779 1253 989 1313 deceat
1031 1249 1359 1332 pulmonem
1401 1272 1668 1332 rumpere
1709 1255 1919 1330 ventis,

270 1339 585 1398 Stemmate
628 1337 782 1414 quod
826 1337 1017 1398 Tusco
1060 1354 1278 1397 ramum
1319 1337 1624 1397 millesime
1670 1337 1854 1413 ducis,

272 1419 665 1480 censoremve
712 1430 866 1479 tuum
911 1420 1008 1479 vel
1055 1420 1212 1497 quod
1254 1420 1515 1481 trabeate
1560 1417 1820 1481 salutas?

269 1504 362 1564 Ad
405 1504 681 1582 populum
725 1504 1024 1581 phaleras!
1073 1521 1186 1580 ego
1236 1513 1295 1563 te
1339 1505 1491 1564 intus
1536 1514 1593 1572 et
1638 1506 1694 1563 in
1737 1513 1868 1572 cute
1913 1503 2068 1562 novi.
2160 1511 2242 1565 30

269 1585 398 1645 Non
441 1586 621 1665 pudet
661 1586 734 1646 ad
775 1605 994 1646 morem
1039 1586 1302 1647 discincti
1347 1590 1549 1648 vivere
1593 1584 1848 1647 Nattae?

269 1670 388 1730 Sed
442 1679 633 1748 stupet
678 1670 771 1730 hic
816 1672 990 1747 vitio,
1035 1669 1199 1729 fibris
1241 1673 1484 1754 increvit
1527 1673 1775 1749 opimum

268 1752 518 1830 Pingue,
565 1763 725 1813 caret
767 1754 965 1832 culpa,
1011 1755 1200 1813 nescit
1240 1754 1374 1832 quid
1418 1755 1655 1832 perdat,
1703 1763 1761 1813 et
1803 1753 1921 1813 aIto

265 1836 585 1895 Demersus
628 1856 843 1897 summa
883 1855 1105 1897 rursum
1148 1855 1263 1896 non
1305 1836 1469 1896 bullit
1509 1840 1565 1896 in
1607 1838 1775 1897 unda.

268 1914 481 1998 Magne
529 1931 696 1999 pater
739 1923 961 1997 divum,
1013 1938 1225 1981 saevos
1269 1923 1472 1999 punire
1516 1931 1790 1997 tyrannos
2162 1931 2234 1985 35

268 2004 433 2064 Haud
477 2003 589 2064 alia
631 2006 852 2065 ratione
896 2005 1079 2081 velis,
1129 2023 1302 2085 quum
1348 2005 1470 2065 dira
1516 2005 1692 2066 libido

268 2086 516 2147 Moverit
563 2089 851 2165 ingenium
899 2090 1151 2148 ferventi
1190 2091 1366 2153 tincta
1410 2106 1668 2169 veneno:

268 2170 549 2230 Virtutem
594 2173 826 2231 videant
867 2171 1343 2250 intabescantque
1392 2170 1620 2232 relicta.

269 2253 434 2312 Anne
480 2256 660 2331 magis
705 2256 885 2314 Siculi
928 2265 1271 2332 gemuerunt
1314 2273 1452 2315 aera
1497 2255 1746 2330 iuvenci,

268 2336 344 2396 Et
383 2338 567 2412 magis
610 2340 820 2396 auratis
871 2338 1132 2417 pendens
1176 2338 1544 2418 laquearibus
1595 2338 1753 2398 ensis
2163 2350 2237 2402 40

268 2419 594 2498 Purpureas
641 2419 841 2480 subter
884 2424 1151 2481 cervices
1193 2424 1428 2497 terruit,
1471 2425 1650 2497 imus,

268 2502 437 2563 Imus
462 2506 870 2583 praecipites,¹
915 2523 1082 2583 quam
1125 2506 1173 2565 si
1219 2505 1330 2564 sibi
1375 2505 1528 2564 dicat
1575 2513 1636 2564 et
1677 2505 1825 2564 intus

269 2586 490 2646 Palleat
530 2587 764 2664 infelix,
820 2589 974 2667 quod
1015 2590 1277 2667 proxima
1321 2591 1543 2648 nesciat
1584 2585 1773 2648 uxor?
1963 2627 1977 2639 ·

355 2671 548 2748 Saepe
596 2672 835 2748 oculos,
888 2673 1147 2748 memini,
1196 2671 1504 2749 tangebam
1554 2689 1770 2750 parvus
1811 2646 1994 2747 0130,

272 2754 515 2816 Grandia
561 2756 610 2813 si
655 2756 869 2815 nollem
913 2757 1171 2815 morituri
1216 2755 1397 2816 verba
1438 2754 1677 2815 Catonis
2160 2764 2231 2816 45

266 2839 484 2897 Dicere
531 2846 590 2896 et
627 2840 828 2898 insano
870 2839 1105 2898 multum
1152 2837 1432 2899 laudanda
1469 2840 1773 2915 magistr0‚

271 2920 434 2994 Quae
477 2930 643 2999 pater
688 2922 950 2983 adductis
989 2923 1202 2982 sudans
1249 2924 1472 2982 audiret
1500 2923 1732 2982 amicis.

268 3004 434 3073 Iure;
483 3007 691 3067 etenim
736 3005 793 3065 id
837 3025 1149 3083 summum,
1195 3006 1331 3085 quid
1376 3005 1583 3065 dexter
1627 3005 1793 3064 senio
1839 3003 2043 3078 ferret,

269 3088 437 3144 Scire
483 3097 608 3146 erat
653 3091 709 3146 in
751 3099 918 3158 voto;
966 3089 1238 3150 damnosa
1286 3090 1546 3148 canicula
1597 3097 1867 3164 quantum

269 3165 552 3234 Raderet;
600 3180 878 3243 angustae
927 3172 1083 3230 collo
1128 3188 1244 3230 non
1286 3171 1482 3230 fallier
1523 3188 1731 3236 orcae;
2158 3178 2228 3231 50
2281 3164 2288 3170 ’
2385 3164 2386 3207 ἓ

268 3241 395 3298 Neu
443 3249 568 3319 quis
615 3251 880 3309 callidior
922 3253 1134 3310 buxum
1177 3242 1454 3330 torquere
1496 3253 1756 3329 flagello.

268 3317 428 3377 Haud
470 3325 570 3382 tibi
617 3331 976 3413 inexpertum
1020 3351 1232 3393 curvos
1276 3337 1906 3412 deprenderemores,

270 3395 546 3474 Quaeque
591 3407 764 3468 docet
808 3416 1042 3489 sapiens
1083 3415 1372 3476 braccatis
1419 3418 1563 3477 illita
1604 3416 1789 3477 Medis
1840 3502 1852 3509 ‘
