2409 3825
285 233 404 298 188
1235 232 1318 291 Vl

454 411 510 460 et
539 397 701 460 simul
727 400 1019 478 exspirare
1047 398 1196 458 foras
1224 399 1494 476 exireque
1519 399 1573 457 in
1596 416 1760 458 auras
1781 444 1799 475 ‚

452 485 661 542 nonita
685 482 856 541 multa
879 491 1098 557 tamen,
1125 480 1341 542 calidus
1367 490 1535 559 queat
1557 491 1616 541 ut
1640 482 1759 541 fieri
1786 482 1950 562 fons,

452 575 760 643 propterea
783 567 1041 644 dispersa
1063 565 1215 624 foras
1241 581 1542 642 erumpere
1568 567 1725 642 cogit

452 651 537 709 vis
562 667 667 727 per
689 667 886 726 aquam
910 649 1098 708 subito
1125 666 1460 726 sursumque
1485 667 1552 707 ea
1580 647 1882 708 conciliari.

325 741 430 796 890
455 733 604 811 quod
632 750 815 809 genus
838 731 985 791 endo
1009 733 1198 791 marist
1219 730 1391 790 Aradi
1415 731 1543 790 fons
1559 777 1577 808 ‚
1603 730 1783 791 dulcis
1807 736 1974 810 aquai

452 817 546 895 qui
572 817 738 875 scatit
762 825 820 874 et
844 814 1023 875 salsas
1049 817 1262 874 circum
1286 834 1350 874 se
1379 813 1626 875 dimovet
1649 815 1850 874 undas:

451 908 509 958 et
529 898 715 958 multis
738 898 861 959 aliis
883 897 1121 977 praebet
1142 899 1472 976 regionibus
1494 916 1710 976 aequor

452 981 742 1042 utilitatem
769 989 1140 1060 opportunam
1162 982 1467 1042 sitientibu’
1490 983 1671 1041 nautis
1687 1028 1705 1059 ‚

454 1065 604 1144 quod
631 1065 813 1125 dulcis
837 1068 983 1125 inter
1006 1066 1186 1125 salsas
1215 1066 1534 1124 intervomit
1556 1065 1753 1128 undas,

323 1159 426 1214 895
457 1151 734 1226 sicigitur
755 1168 860 1229 per
883 1167 1010 1208 eum
1038 1158 1280 1227 possunt
1304 1167 1602 1227 erumpere
1627 1148 1841 1209 fontem

372 1244 373 1247 ’
452 1243 510 1293 et
536 1243 758 1292 scatere
782 1233 878 1292 illa
905 1232 1056 1292 foras
1079 1233 1132 1290 in
1156 1242 1416 1310 stuppam
1440 1234 1683 1301 semina;
1711 1251 1822 1311 quo
1850 1244 1971 1292 cnm

455 1318 796 1377 conveniunt
816 1325 909 1375 aut
932 1317 987 1374 in
1010 1315 1191 1374 taedai
1219 1333 1465 1392 corpore
1489 1315 1826 1394 adhaerent,

451 1400 755 1460 ardescunt
776 1399 946 1459 facile
971 1398 1260 1476 extemplo
1279 1445 1295 1475 ,
1324 1401 1453 1477 quia
1474 1399 1645 1459 multa
1670 1418 1894 1478 quoque
1917 1402 1970 1459 in
1998 1421 2068 1462 se

453 1485 666 1544 semina
692 1483 900 1542 habent
922 1485 1069 1560 ignis
1091 1490 1336 1560 stuppae
1358 1482 1672 1561 taedaeque
1697 1483 1942 1544 latentis.

326 1576 429 1630 900
451 1584 638 1627 nonne
660 1566 821 1626 vides
846 1568 1011 1625 etiam
1027 1613 1045 1643 ,
1069 1575 1344 1625 nocturna
1367 1566 1436 1625 ad
1460 1566 1664 1625 lumina
1685 1565 1858 1627 linum
1943 1562 1948 1565 ’

451 1669 632 1728 nuper
654 1652 750 1710 ubi
774 1652 1081 1710 extinctum
1104 1648 1405 1710 admoveas
1422 1696 1439 1726 ‚
1464 1649 1768 1710 accendier
1789 1661 1917 1711 ante

453 1753 615 1812 quam
639 1736 825 1811 tetigit
849 1734 1118 1793 flammam
1133 1779 1149 1809 ‚
1176 1733 1513 1811 taedamque
1536 1735 1657 1812 pari
1678 1731 1936 1795 ratione?

451 1817 734 1896 multaque
760 1828 1058 1896 praeterea
1081 1818 1237 1895 prius
1260 1819 1387 1895 ipso
1417 1826 1565 1877 tacta
1589 1835 1803 1896 vapore

453 1904 667 1962 eminus
692 1903 994 1962 ardescunt
1019 1919 1184 1979 quam
1203 1902 1512 1962 comminus
1538 1900 1745 1961 imbuat
1767 1903 1929 1980 ignis.

329 1995 428 2047 905
458 1986 570 2044 hoc
592 1987 761 2063 igitur
784 1987 905 2045 fieri
931 2003 1157 2064 quoque
1182 1986 1237 2044 in
1260 1985 1359 2044 illo
1384 1984 1539 2046 fonte
1568 1985 1944 2065 putandumst.

538 2067 702 2141 Quod
728 2080 1025 2148 superest,
1051 2087 1227 2145 agere
1250 2069 1513 2146 incipiam
1538 2088 1649 2148 quo
1672 2069 1910 2130 foedere
1937 2070 2031 2131 liat

450 2161 676 2212 naturae
698 2199 715 2229 ‚
741 2153 885 2231 lapis
908 2153 1000 2213 hic
1025 2161 1082 2210 ut
1103 2151 1312 2211 ferrum
1336 2152 1547 2213 ducere
1572 2156 1788 2232 possit,

452 2255 619 2314 quem
644 2235 906 2314 Magneta
927 2244 1133 2295 vocant
1154 2238 1335 2315 patrio
1360 2236 1430 2296 de
1455 2239 1680 2297 nominc
1707 2235 1866 2313 Grai,

451 2319 774 2396 Magnetum
798 2322 926 2398 quia
950 2320 1007 2378 lit
1031 2321 1223 2397 patriis
1246 2322 1300 2379 in
1325 2320 1526 2379 finibus
1550 2330 1694 2379 ortu.

325 2410 427 2463 910
452 2402 600 2461 hunc
624 2404 875 2463 homines
900 2403 1141 2482 lapidem
1165 2406 1455 2463 mirantur:
1483 2406 1693 2483 quippe
1719 2413 1970 2464 catenam

452 2505 627 2565 saepe
652 2506 727 2548 ex
749 2486 950 2546 anellis
973 2485 1156 2547 reddit
1182 2488 1560 2565 pendentibus
1586 2507 1660 2548 ex
1682 2506 1765 2548 se.

452 2572 698 2649 quinque
723 2573 930 2631 etenim
953 2571 1091 2630 licet
1114 2571 1391 2629 interdum
1410 2570 1721 2650 pluresque
1746 2570 1941 2631 videre

454 2653 649 2714 ordine
676 2654 953 2714 demissos
979 2654 1202 2714 levibus
1225 2656 1486 2714 iactarier
1507 2657 1656 2715 auris
1676 2701 1694 2733 ,

453 2757 594 2797 unus
618 2740 712 2797 ubi
734 2757 809 2798 ex
831 2756 941 2796 uno
970 2737 1256 2815 dependet
1281 2747 1479 2817 supter
1499 2737 1810 2797 adhaerens
1827 2783 1846 2815 ‚

326 2828 424 2881 915
450 2840 526 2881 ex
546 2820 771 2899 alioque
799 2821 939 2882 alius
962 2820 1162 2899 lapidis
1185 2823 1296 2880 vim
1317 2820 1617 2900 vinclaque
1644 2824 1856 2881 noscit:

451 2924 633 2983 usque
656 2905 800 2965 adeo
820 2915 1211 2984 permananter
1239 2908 1326 2967 vis
1350 2905 1609 2983 pervolat
1637 2907 1779 2966 eius.

535 2987 660 3048 Hoc
683 3007 863 3066 genus
888 2991 943 3047 in
965 2989 1137 3049 rebus
1164 2989 1541 3049 firmandumst
1563 2987 1733 3049 multa
1755 2990 1909 3067 prius
1941 3006 2108 3066 quam

450 3073 628 3170 ipsius
649 3074 732 3131 rei
756 3074 1029 3136 rationem
1047 3072 1291 3133 reddere
1311 3074 1502 3152 possis
1518 3118 1534 3146 ,

457 3162 514 3211 et
537 3156 763 3213 nimium
785 3153 973 3232 longis
996 3156 1327 3234 ambagibus
1352 3167 1440 3218 est
1469 3156 1815 3224 adeundum;

322 3240 429 3294 920
458 3253 571 3311 quo
592 3239 772 3314 magis
794 3246 1032 3298 attentas
1057 3242 1207 3300 auris
1227 3242 1578 3318 animumque
1601 3256 1869 3320 reposco,

539 3317 820 3397 Principio
847 3322 1102 3382 omnibus
1134 3324 1202 3384 ab
1227 3324 1440 3400 rebuS,
1481 3341 1869 3402 quascumque
1894 3323 2157 3384 videmus
2173 3370 2195 3403 ‚

457 3409 740 3477 perpetuo
764 3404 941 3464 fluere
965 3423 1032 3464 ac
1054 3407 1193 3466 mitti
1219 3408 1523 3484 spargique
1545 3415 1851 3467 necessest

456 3497 697 3558 corpora
722 3503 862 3561 quae
888 3487 1085 3545 feriant
1113 3488 1315 3549 oculos
1338 3491 1632 3568 visumque
1656 3487 1973 3572 lacessant:
