2409 3825
658 166 735 215 11.
792 167 1349 218 Tnams'rocnss.
1393 164 1546 216 2-4,
2020 155 2065 222 9

121 304 362 367 cerent
388 299 468 366 de
495 302 686 368 rebus
710 301 861 367 suis.
926 301 1429 367 deliberantibus
1452 302 1692 387 Pythia
1718 305 2067 388 respondit,

122 391 203 451 ut
230 386 581 451 moenibus
604 385 843 471 ligneis
886 407 954 451 se
982 388 1331 452 munirent.
1418 385 1487 451 id
1528 407 1906 471 responsum
1934 411 2062 474 quo
2093 403 2125 452 7

121 470 384 536 valeret
439 490 586 556 qum
650 470 1057 555 intellegeret
1115 492 1339 554 nemo,
1404 470 1863 548 Themistocles
1927 495 2069 557 per·
2131 498 2190 535 :s

122 555 342 619 suasit
370 554 710 619 consilium
738 575 873 619 esse
901 554 1228 638 Apollinis
1290 558 1367 620 ut
1405 555 1477 619 in
1503 577 1701 621 naves
1729 577 1797 621 se
1826 578 2067 641 suaque

124 638 544 704 conferrent:
626 660 774 702 eum
847 638 1019 703 enim
1095 661 1136 703 a
1247 660 1324 704 eo
1399 639 1748 725 significari
1811 662 2067 705 murum

122 723 447 808 ligneum.
518 721 637 786 tali
678 722 949 788 consilio
978 722 1251 807 probato
1294 722 1542 788 addunt
1579 724 1663 788 ad
1703 725 2063 810 superiores
2092 739 2128 789 8

123 805 414 873 totidem
470 826 670 889 naves
711 806 1005 871 triremes
1050 828 1292 891 suaque
1337 807 1586 891 omnia,
1631 829 1793 892 quae
1822 810 2068 875 moveri

124 892 474 974 poterant,
517 890 754 973 partim
784 888 1139 974 Salamina,
1196 890 1442 974 partim
1473 891 1803 971 Troezena
1845 893 2067 977 depor-

125 977 313 1040 tant:
370 995 581 1039 arcem
632 974 1066 1039 sacerdotibus
1119 974 1465 1072 paucisque
1507 976 1855 1041 maioribus
1907 981 2067 1042 natu

128 1059 216 1206 ῧᾶ
260 1078 448 1205 sacra²
483 1057 886 1143 procuranda
924 1058 1220 1142 tradunt,
1263 1059 1581 1143 rehquum
1622 1060 1931 1144 oppidum
1972 1082 2067 1125 re-

180 1165 230 1206 n
277 1164 419 1206 uun
450 1191 465 1206 .

233 1163 278 1226 q
307 1225 521 1293 Huius
564 1225 904 1292 consilium
931 1226 1254 1311 plerisque
1296 1227 1660 1293 civitatibus
1689 1228 2066 1313 displicebat
2097 1230 2142 1296 3

129 1314 202 1377 et
258 1310 333 1374 in
382 1313 555 1375 terra
607 1311 895 1376 dimicari
956 1311 1162 1396 magis
1259 1311 1526 1376 lacebat.
1619 1312 1837 1396 itaque
1890 1314 2069 1378 missi

131 1398 294 1461 sunt
338 1394 565 1459 delecti
619 1416 764 1459 cum
817 1395 1134 1477 Leonida,
1248 1394 1843 1460 acedaemoniorum
1896 1417 2066 1481 rege,

133 1480 253 1563 qui
318 1477 782 1562 Thermopylas
857 1482 1247 1563 occuparent
1315 1479 1699 1564 longiusque
1763 1480 2068 1546 barbaros

135 1561 450 1647 progredi
494 1583 631 1627 non
656 1566 1047 1645 paterentur.
1125 1563 1174 1627 ii
1218 1563 1352 1627 vim
1393 1563 1677 1628 hostium
1702 1583 1841 1629 non
1882 1566 2067 1629 susti·

124 1646 426 1712 'nuerunt
479 1668 514 1711 e
601 1668 681 1710 ue
733 1647 878 1712 loco
934 1667 1156 1712 omnes
1208 1646 1611 1711 interierunt.
1714 1651 1784 1712 at
1846 1647 2063 1712 classis
2092 1662 2127 1710 2

135 1731 502 1797 communis
607 1731 849 1795 raeciae
877 1734 1305 1796 trecentarum
1347 1731 1630 1813 navium,
1673 1731 1744 1796 in
1788 1751 1916 1815 qua
1958 1731 2069 1795 du-

32 1838 33 1891 ]
138 1819 367 1881 centae
397 1818 583 1879 erant
600 1813 1116 1897 Atheniensium,
1144 1813 1424 1898 primum
1453 1814 1623 1898 apud
1651 1815 2068 1880 Artemisium

32 1927 33 1930 ¹
136 1900 315 1966 inter
336 1897 670 1964 Euboeam
699 1900 1264 1983 continentemque
1292 1902 1529 1963 terram
1554 1920 1700 1965 cum
1730 1899 2067 1966 classiariis

34 2041 35 2044 ,
136 1984 339 2068 regiis
368 1983 673 2049 conflixit.
747 1984 1077 2068 angustias
1117 1984 1292 2048 enim
1318 1982 1778 2049 Themistocles
1808 2006 2064 2068 quaere·

94 2119 99 2128 .
136 2069 271 2152 bat,
290 2088 378 2132 ne
406 2067 817 2132 multitudine
848 2067 1308 2133 circumiretur.
1362 2067 1471 2133 hic
1498 2068 1619 2133 etsi
1645 2069 1786 2152 pari
1812 2068 2061 2152 proelio
2092 2081 2127 2131 3

139 2153 597 2235 discesserant,
640 2155 860 2217 tamen
903 2151 1127 2217 eodem
1164 2152 1311 2217 loco
1364 2172 1500 2217 non
1542 2156 1696 2217 sunt
1746 2152 1887 2217 ausi
1936 2174 2068 2218 ma-

136 2258 295 2304 nere
304 2286 325 2319 ,
384 2235 558 2320 quod
600 2239 738 2300 erat
777 2236 1163 2320 periculum,
1213 2256 1327 2319 ne,
1372 2236 1428 2300 si
1468 2257 1617 2320 pars
1657 2236 1923 2302 navium
1962 2236 2068 2302 ad-

34 2325 35 2334 ’
138 2320 575 2386 versariorum
601 2319 936 2385 Euboeam
978 2324 1355 2404 superasset,
1400 2320 1665 2405 ancipiti
1706 2342 2067 2419 premeren-

34 2409 37 2470 1
138 2410 250 2471 tur
290 2404 598 2489 pericu10.
672 2426 800 2488 quo
842 2403 1086 2469 factum
1115 2408 1214 2468 est
1252 2408 1329 2468 ut
1368 2404 1451 2468 ab
1478 2406 1827 2470 Artemisio
1871 2406 2063 2470 disce·
2092 2418 2129 2467 4

36 2539 39 2572 2
140 2488 370 2556 derent
424 2492 489 2553 et
531 2488 945 2553 exadversum
986 2487 1281 2552 Athenas
1333 2488 1505 2570 apud
1547 2485 1872 2553 Salamina
1911 2488 2068 2553 clas-

36 2581 37 2592 *
141 2594 277 2638 sem
323 2594 505 2637 suam
548 2573 1029 2637 constituerent.

312 2660 406 2721 At
445 2655 688 2721 Xerxes
716 2655 993 2721 Thermo
1040 2654 1163 2740 ylis
1205 2654 1588 2739 expugnatis
1628 2655 1924 2737 protinus
1966 2676 2064 2719 ac·
2096 2658 2143 2721 4

36 2730 41 2752 ²
139 2741 337 2807 cessit
363 2744 507 2807 astu
534 2739 727 2824 idque
753 2740 951 2804 nullis
972 2678 1463 2805 defendentibus
1489 2738 1844 2803 interfectis
1866 2758 2068 2804 sacer·

142 2826 400 2891 dotibus
414 2874 432 2907 ,
488 2845 653 2908 quos
701 2825 773 2889 in
827 2845 971 2889 arce
1025 2825 1390 2921 invenerat,
1450 2822 1748 2888 incendio
1813 2821 2064 2889 delevit.

142 2910 325 2975 cuius
378 2909 640 2973 flamma
691 2908 1017 2993 perterriti
1074 2907 1383 2973 classiarii
1435 2928 1582 2979 cum
1630 2928 1888 2972 manere
1929 2929 2066 2973 non
2094 2922 2128 2971 2
2175 2933 2216 2978 ,ς

141 2994 456 3060 auderent
486 2996 552 3058 et
579 2992 842 3076 plurimi
875 2992 1307 3075 hortarentur,
1345 2994 1423 3057 ut
1445 2990 1669 3057 domos
1698 3013 1845 3056 suas
1873 2992 2068 3056 disce-

142 3079 371 3143 derent
433 3077 896 3160 moenibusque
961 3098 1028 3141 se
1093 3075 1539 3160 defenderent,
1593 3074 2068 3151 „Themistocles

38 3160 48 3176 '
142 3185 311 3228 unus
366 3160 607 3227 restitit
658 3165 726 3225 et
777 3161 1111 3225 universos
1163 3182 1350 3244 pares
1404 3181 1541 3224 esse
1593 3180 1782 3242 posse
1837 3159 2067 3240 aiebat,

144 3247 465 3331 dispersos
506 3245 864 3310 testabatur
901 3245 1240 3328 perituros,
1282 3243 1473 3327 idque
1516 3242 1887 3326 Eurybiadi,
1929 3244 2070 3326 regi

38 3315 47 3348 *
144 3328 819 3412 Lacedaemoniorum,
851 3328 964 3411 qui
990 3332 1131 3393 tum
1160 3349 1444 3392 summae
1473 3327 1726 3410 imperii
1754 3342 2065 3409 praeerat,

144 3415 285 3484 fore
328 3413 709 3481 affirmabat.
783 3434 975 3497 quem
1017 3433 1162 3511 (ΞΕ-ῳ
1205 3412 1420 3476 minus
1462 3432 1655 3495 quam
1698 3409 1893 3474 vellet
1931 3427 2064 3470 mo·
2092 3418 2128 3463 3
