2409 3825
174 4 274 89 ,Π

34 196 231 275 xx]
885 200 1117 257 LIBER.
1807 268 1813 287 .
1895 193 1977 258 15

34 365 108 427 ft
161 358 430 428 albulus
475 361 805 427 columbus
848 366 958 427 aut
1000 360 1349 427 Adoneus?

34 447 330 514 linaede
372 446 672 530 Romule,
716 445 874 511 haec
916 446 1162 519 videbis
1207 450 1272 511 et
1312 443 1521 512 feres?

34 532 109 596 us
163 531 515 615 inpudicus
561 534 626 594 et
666 551 862 594 vorax
905 534 970 594 et
1012 530 1169 595 aleo,
1911 538 1977 589 10

34 617 221 681 Bone
268 616 532 680 nomine
545 663 564 697 ,
609 614 956 698 imperator
996 615 1210 697 unice,

34 699 250 765 i'uisti
295 699 368 763 in
410 697 638 763 ultima
680 697 1028 762 occidentis
1072 698 1315 782 insula,

34 784 78 849 Τ
79 787 116 847 t
166 783 303 847 ista
342 785 559 848 vostra
601 781 890 847 defututa
931 782 1221 847 Mentula

34 866 395 933 Ducenties
440 870 753 931 comesset
795 870 906 931 aut
947 865 1332 931 trecenties?

34 951 211 1028 Quid
258 953 359 1015 est
401 950 531 1014 alid
574 949 835 1014 sinistra
877 949 1270 1015 liberalitas?
1350 952 1357 959 '
1910 960 1975 1012 15

34 1037 283 1101 ?a.rum
327 1035 682 1118 expatravit
724 1056 808 1099 an
849 1056 1074 1118 parum
1118 1034 1365 1099 eluatus
1407 1032 1552 1099 est?

34 1121 322 1184 ?aterna
361 1119 570 1203 prima
609 1118 933 1183 lancinata
976 1121 1128 1182 sunt
1167 1119 1366 1184 bona:

34 1202 340 1270 'Secunda
380 1202 617 1286 praeda
656 1201 956 1267 Pontica:
1001 1202 1151 1268 inde
1191 1203 1384 1268 tertia

34 1288 316 1370 Hibera,
362 1308 551 1371 quam
596 1287 719 1351 scit
760 1286 967 1350 amnis
1011 1287 1246 1351 aurifer
1287 1285 1522 1371 Tagus·

34 1373 388 1437 Pimentne
432 1370 678 1436 Galliae
721 1370 891 1436 hunc
905 1419 923 1453 ,
965 1371 1198 1435 timent
1238 1369 1655 1436 Britanniae?
1907 1381 1977 1432 20

34 1456 214 1533 Quid
260 1454 433 1519 hunc
474 1455 712 1519 malum
755 1454 1029 1520 fovetis?
1095 1459 1205 1519 aut
1248 1454 1401 1540 quid
1441 1453 1548 1520 hic
1591 1455 1833 1539 potest,

34 1541 193 1606 Nisi
236 1541 434 1603 uncta
478 1538 778 1603 devorare
818 1538 1245 1623 patrimonia?

34 1625 232 1689 Elone
277 1622 537 1687 nomine
580 1623 785 1706 urbiS‚
832 1644 870 1688 o
913 1622 1266 1707 potissimei

34 1709 246 1775 Socer
287 1727 638 1792 generque,
680 1705 1046 1792 perdidistis
1090 1705 1348 1772 omnia?

797 1989 1121 2065 .XXX.

38 2130 288 2196 Alfene
328 2129 644 2194 inmemor
686 2131 875 2214 atque
918 2129 1237 2195 unanimis
1281 2129 1442 2196 false
1487 2130 1840 2216 sodalibus,

39 2215 191 2281 Iam
233 2217 298 2278 te
339 2214 435 2279 nil
477 2215 762 2297 miseret,
807 2213 990 2297 dure,
1033 2214 1129 2278 tui
1173 2214 1376 2279 dulcis
1422 2215 1723 2279 amiculi?

41 2351 192 2415 Iam
220 2369 324 2412 me
351 2349 648 2431 prodere,
693 2349 824 2413 iam
866 2369 1002 2413 non
1043 2348 1295 2417 dubitas
1323 2350 1575 2433 fallere,
1618 2349 1901 2434 perfide?

41 2434 195 2500 Nec
215 2432 385 2497 facta
402 2433 582 2517 inpia
603 2432 904 2498 fallacum
923 2432 1257 2498 hominum
1278 2434 1596 2499 caelicolis
1621 2434 1906 2518 placent:

47 2565 241 2645 Quod
268 2569 339 2630 tu
381 2565 673 2652 neglegis
682 2617 702 2651 ,
747 2587 822 2632 ac
863 2589 966 2631 me
998 2568 1302 2631 miserum
1331 2568 1568 2633 deseris
1598 2567 1670 2632 in
1696 2566 1899 2633 malie.
1943 2578 1977 2631 5

46 2653 240 2719 Eheu
294 2651 444 2735 quid
493 2651 763 2735 faciant,
822 2651 953 2736 dic,
999 2650 1325 2735 homines,
1387 2652 1564 2716 cuive
1617 2651 1897 2717 habeant

1349 2735 1541 2801 fidem
1553 2736 1588 2800 ?

53 2872 247 2940 Certe
287 2871 423 2934 tute
465 2869 728 2935 iubebas
774 2872 1055 2937 animam
1094 2869 1376 2954 tradere,
1418 2871 1665 2956 inique,
1707 2894 1811 2936 me

53 2956 370 3023 Inducens
399 2954 469 3019 in
498 2975 810 3039 amorem,
855 2956 1037 3041 quasi
1079 2959 1221 3020 tuta
1264 2956 1480 3020 omnia
1521 2956 1612 3019 mi
1640 2956 1872 3023 forent.

55 3093 237 3158 Idem
263 3110 432 3154 nunc
459 3088 732 3153 retrahis
761 3092 827 3155 te
871 3112 946 3156 ac
985 3094 1100 3155 tua
1142 3091 1314 3156 dicta
1355 3090 1574 3155 omnia
1604 3090 1896 3173 factaque

55 3176 303 3242 Ventos
343 3172 539 3238 inrita
580 3174 747 3238 ferre
790 3196 864 3239 ac
905 3175 1171 3240 nebulas
1217 3175 1417 3240 aerias
1463 3174 1641 3239 sinis.
1915 3186 1981 3236 10

62 3312 129 3378 Si
157 3312 232 3374 tu
259 3309 491 3373 oblitus
523 3330 619 3393 es,
667 3313 736 3373 at
764 3310 829 3374 di
858 3309 1317 3392 meminerunt,
1348 3309 1640 3373 meminit
1666 3307 1884 3393 Fides,

64 3396 237 3473 Quae
275 3396 339 3459 te
381 3396 455 3457 ut
492 3395 819 3479 paeniteat
858 3395 1198 3479 postmodo
1243 3394 1398 3459 facti
1440 3394 1635 3458 faciet
1673 3393 1786 3456 tui.
