2409 3825
868 215 1223 271 PRAEFATI
1231 216 1293 272 Ο.
2021 230 2077 269 xz

40 381 230 440 'velim
252 401 361 455 par
386 384 768 440 difficillimum
790 400 1055 440 versuum
1073 425 1087 452 ,
1133 384 1285 455 quod
1310 384 1439 454 quia
1462 386 1634 441 variis
1658 387 1820 440 simul
1845 402 2075 456 corrup-

62 471 299 523 telarum
345 470 648 539 generibus
691 467 1112 538 pessumdatum
1171 475 1287 536 est,
1337 484 1450 522 non
1505 485 1687 540 aeque
1731 478 1894 539 atque
1945 471 2071 524 alibi

61 568 302 623 sperare
323 568 556 626 possum
579 554 698 606 sore
723 557 781 605 ut
803 552 894 607 vel
918 567 1007 605 me
1031 556 1248 606 tacente
1271 552 1412 606 ratio
1438 552 1777 608 emendandi
1798 560 2071 625 patescat.

60 634 397 691 Scribuntur
417 636 507 690 isti
528 651 730 691 versus
747 676 762 702 ‚
787 636 879 705 qui
903 642 1029 688 sunt
1049 639 1220 701 4243
1240 636 1362 689 libri
1384 637 1650 703 secundi,
1674 638 1854 692 rubris
1881 637 2071 691 litteris

60 720 378 776 uncialibus
411 720 466 773 in
493 718 747 789 Oblongo
771 719 999 786 codice,
1044 718 1247 773 desunt
1282 720 1338 773 in
1363 718 1646 785 Quadrato
1684 721 1857 776 tribus
1893 722 2072 775 versi-

60 805 205 858 culis
227 804 579 867 vacantibuS‚
600 810 659 856 ut
684 806 802 856 fere
830 817 1056 872 semper
1078 807 1165 868 (v.
1189 802 1337 856 Mus·
1360 802 1540 857 Rhen.
1564 821 1620 874 p.
1645 809 1775 871 543)
1798 804 1858 857 fit
1885 804 1942 858 in
1963 803 2074 858 hoc

64 886 264 941 codice
286 888 604 957 ubicunque
625 887 683 939 in
706 885 959 957 Oblongo
987 888 1190 940 rubrae
1214 887 1425 941 litterae
1449 889 1821 958 reperiuntur.
1875 889 1936 942 ln
1961 888 2072 943 Ob-

64 971 236 1039 longo
258 971 428 1040 igitur
452 976 669 1025 exstant
683 969 828 1025 haec
841 990 857 1023 ε

153 1066 497 1123 susssmns
526 1066 798 1123 MAGNIS
820 1039 1100 1122 Emeum
1131 1067 1695 1125 CONSTA‘sslLlTAS

152 1151 491 1207 ORNATAS
530 1149 754 1206 Annis
800 1145 1643 1220 lTASTATUASTARITERQe
1684 1151 2063 1209 ANIMATAS

71 1253 288 1322 punctis
324 1254 428 1305 sub
452 1251 551 1305 AT
589 1267 623 1305 a
645 1252 826 1321 prima
861 1267 1031 1306 manu
1066 1252 1243 1305 factis.
1311 1251 1426 1305 Hos
1465 1269 1666 1307 versus
1702 1268 1827 1306 cum
1850 1252 2071 1322 priores

71 1336 313 1389 editores
336 1339 455 1390 fere
476 1350 673 1389 omnes
697 1335 771 1390 de
791 1336 1181 1389 emendatione
1205 1334 1572 1405 desperantes
1588 1337 1868 1402 eiecerint,
1892 1334 2074 1389 Lach-

72 1435 304 1473 mannus
333 1420 390 1472 in
413 1422 717 1475 verborum
741 1419 992 1473 ordinem
1019 1419 1242 1473 admisit
1264 1420 1344 1473 sic
1369 1419 1593 1489 quidem
1618 1420 1881 1490 scriptos:

306 1514 375 1564 40
412 1515 456 1561 si
479 1528 578 1562 non
597 1514 726 1562 forte
747 1523 862 1562 tuas
885 1514 1113 1578 legiones
1134 1529 1227 1578 per
1242 1514 1355 1563 loca
1375 1517 1541 1579 campi

409 1583 607 1642 fervere
627 1597 739 1631 curn
760 1584 935 1631 videas
958 1620 970 1640 ‚
994 1584 1113 1632 belli
1134 1583 1410 1633 simulacra
1430 1585 1609 1633 cientis
1626 1621 1640 1643 ‚

410 1652 654 1701 subsidiis
673 1653 972 1717 magnisque
994 1652 1276 1715 elephantis
1295 1652 1666 1709 constabilitaS,

412 1728 616 1769 ornatas
636 1722 792 1769 armis
807 1756 820 1778 ‚
841 1722 1041 1771 validas
1057 1758 1071 1784 ,
1095 1722 1382 1785 pariterque
1402 1724 1647 1769 animatas

74 1805 460 1860 Lachmannus
498 1806 628 1860 inde
660 1806 1028 1878 proficiscitur
1065 1807 1218 1877 quod
1250 1808 1538 1862 Lucretius
1558 1806 1628 1875 V,
1649 1811 1787 1864 1225
1823 1807 2070 1878 scripsit=

73 1888 524 1961 Induperatorem
544 1892 737 1946 classis
756 1906 927 1963 super
945 1905 1184 1963 aequora
1215 1893 1387 1947 verrit
1409 1891 1541 1948 Cum
1560 1908 1600 1947 v
1614 1893 1677 1946 al
1692 1892 1710 1946 i
1726 1891 1833 1946 dis
1851 1894 2072 1962 pariter

72 1974 359 2044 leqionibus
393 1981 556 2045 atque
596 1975 1037 2046 elephantis,
1101 1975 1265 2032 Unde
1296 1991 1573 2046 apparere
1597 1976 1739 2030 dixit
1773 1974 1938 2029 etiam
1961 1974 2070 2029 hoc

73 2059 191 2113 loco
213 2073 315 2128 pro
330 2056 611 2113 EPICURI
635 2060 990 2114 scribendum
1008 2076 1136 2114 esse
1152 2059 1471 2131 elephantis,
1493 2077 1596 2130 pro
1612 2056 2068 2128 ITASTAIUAS

76 2147 254 2195 autem
273 2142 504 2196 validas.
589 2141 740 2198 Sane
777 2142 923 2197 haec
950 2144 1291 2198 emendandi
1312 2145 1452 2198 ratio
1485 2146 1614 2198 licet
1650 2144 1726 2197 nil
1748 2141 1952 2204 habeat
1973 2158 2072 2196 cur

75 2232 310 2294 nequeat
330 2227 488 2292 ferri,
518 2233 705 2281 tamen
730 2243 914 2297 neque
949 2244 983 2281 a
1008 2228 1284 2282 sententia
1322 2243 1507 2297 neque
1531 2245 1565 2282 a
1587 2228 1841 2283 ductibus
1863 2226 2071 2280 littera-

40 2298 43 2313 s
75 2324 189 2362 rum
234 2308 306 2363 ita
343 2316 664 2379 comparata
704 2318 789 2365 est
823 2317 880 2364 ut
912 2327 1400 2382 supervacaneum
1446 2312 1514 2365 sit
1549 2312 1844 2381 anquirere
1882 2310 2068 2364 aliam.

77 2389 232 2456 Quod
266 2392 361 2451 sic*
386 2394 718 2447 instituimus
757 2400 815 2448 ut
854 2394 1093 2465 primum
1140 2395 1366 2465 quidem
1409 2396 1462 2449 in
1485 2393 1765 2451 EPICURI
1786 2396 2071 2465 glossema

75 2490 507 2545 agnosceremus
543 2479 611 2531 ab
637 2478 788 2532 initio
821 2478 896 2533 ad
929 2478 1179 2534 subsidiis
1212 2496 1269 2534 v.
1292 2482 1363 2534 42
1399 2480 1731 2550 ascriptum3
1768 2471 2070 2550 ἕπικουροι

78 2559 218 2612 enim
243 2558 470 2614 Graecis
495 2561 678 2615 eidem
705 2569 833 2616 sunt
855 2564 948 2632 qui
971 2564 1178 2617 Latinis
1208 2563 1408 2633 copiae
1433 2564 1750 2618 auxiliares,
1829 2561 1893 2616 ld
1916 2563 2070 2632 glos-

76 2658 227 2696 sema
256 2643 326 2696 ad
358 2642 624 2714 Gargettii
645 2645 966 2716 philosophi
1001 2663 1209 2701 nomen
1246 2646 1567 2701 trahebatur
1606 2648 1676 2700 ab
1714 2646 1983 2716 imperitis
2000 2646 2071 2704 ,li—

74 2727 267 2780 brariis
294 2742 475 2797 eoque
509 2729 721 2782 facilius
765 2729 1176 2784 immiscebatur
1213 2730 1405 2786 versui
1423 2734 1516 2786 42.
1593 2731 1657 2784 In
1689 2728 1840 2783 hunc
1885 2736 2067 2783 autem

74 2824 296 2864 versum
320 2812 850 2878 cuminl'erciretur‚
889 2831 921 2867 e
956 2815 1079 2869 loco
1125 2831 1259 2879 suo,
1308 2814 1400 2883 qui
1443 2820 1562 2869 erat
1598 2828 1800 2869 versus
1822 2817 1924 2879 42,
1971 2814 2069 2866 de-

74 2892 224 2946 trusit
260 2893 316 2947 in
349 2895 594 2950 eandem
627 2897 852 2950 alterius
888 2900 959 2954 43
992 2899 1256 2952 versiculi
1289 2898 1579 2968 regionem
1626 2897 1683 2952 id
1715 2899 2069 2962 vocabulum,

40 2977 222 3030 cuius
265 2993 411 3032 nunc
458 2978 566 3033 hae
606 2987 907 3051 supersunt
952 2982 1262 3036 mendosae
1307 2983 1549 3037 litteraez
1593 2979 2073 3051 ITASTATUAS.

78 3058 276 3123 Quibus
305 3063 656 3133 corrigendis
680 3063 738 3118 id
761 3064 1142 3120 adhibendum
1168 3073 1254 3120 est
1287 3066 1439 3135 quod
1474 3066 1531 3120 in
1554 3066 1842 3121 codicibus
1864 3066 2068 3119 Lucre-

76 3142 226 3213 tianis
264 3144 385 3199 fieri
423 3148 726 3203 observavi
748 3153 808 3202 ut
840 3149 1056 3205 litterae
1090 3149 1138 3203 H
1175 3156 1233 3204 et
1261 3148 1331 3202 11*
1374 3151 1517 3206 inter
1561 3167 1624 3204 se
1663 3157 2066 3221 permutentur.

78 3222 160 3280 Sic
181 3227 274 3292 IV,
311 3233 418 3287 820
452 3247 557 3302 pro
591 3247 658 3285 eo
695 3231 848 3302 quod
880 3250 1009 3288 esse
1047 3232 1217 3287 debet
1246 3239 1301 3287 et
1336 3236 1392 3287 in
1416 3234 1669 3304 Oblongo
1710 3235 1876 3288 etiam
1903 3235 2071 3287 estin

78 3308 151 3363 his
185 3312 441 3368 scribitur
484 3314 542 3368 in
575 3310 857 3381 Quadrato
893 3319 1038 3371 initis
1051 3339 1067 3376 ,-
1109 3332 1295 3389 neque
1331 3318 1555 3372 aliunde
1593 3318 1633 3381 Ι,
1665 3319 1763 3372 721
1796 3317 1851 3368 in
1887 3319 2069 3368 locum

81 3392 328 3464 simplicis
372 3396 576 3454 Italiae
615 3401 875 3469 pervenit
911 3400 1175 3465 Ηαεῑίαε,
1239 3400 1392 3469 quod
1423 3387 1677 3470 ‘putidae
1725 3398 2065 3452 eruditionis

82 3481 251 3545 specie
296 3482 511 3536 tamdiu
556 3482 802 3537 editores
856 3485 1079 3549 fefellit3
1136 3483 1381 3552 denique
1424 3483 1535 3536 huc
1587 3480 1729 3535 redit
1777 3480 2070 3550 praeclara
