2409 3825
296 186 371 249 18
1169 193 1397 244 Pnusn

291 337 570 400 Producis
613 337 809 414 genio.
863 335 1023 395 Solis
1064 335 1352 395 natalibus
1392 344 1480 394 est
1531 336 1628 413 qui

293 422 499 498 Tingat
544 421 672 480 olus
718 420 931 478 siccum
975 421 1153 478 muria
1197 419 1363 478 vafer
1407 419 1470 477 iu
1508 420 1694 478 calice
1739 429 1950 496 empta,
2192 434 2274 486 20

291 505 429 583 Ipse
482 521 704 563 sacrum
747 503 1001 562 irrorans
1044 504 1276 579 patinae
1319 501 1517 579 piper3
1564 501 1658 561 hic
1707 502 1859 561 bona
1911 503 2088 563 dente

295 588 541 649 Grandia
586 588 973 663 magnanimus
1017 587 1247 663 peragit
1279 602 1442 662 puer.
1496 584 1637 645 Utar
1681 602 1829 662 eg0,
1875 596 2022 662 utar,
2373 623 2374 710 1

292 671 420 730 Nec
463 669 738 730 rhombos
783 668 917 728 ideo
968 668 1191 728 libertis
1233 686 1454 747 ponere
1497 669 1707 744 lautus,

293 754 422 813 Nec
464 763 667 812 tenues
714 750 928 811 sollers
967 753 1257 811 turdarum
1297 769 1476 830 nosse
1521 753 1753 812 salivas.

293 838 488 897 Messe
530 846 696 895 tenus
737 837 972 913 propria
1015 836 1147 894 vive
1203 844 1261 894 et
1307 836 1606 912 granaria,
1651 836 1741 894 fas
1787 842 1899 910 est,
2190 850 2266 902 25

294 920 531 988 Emole;
578 920 711 997 quid
757 915 1007 978 metuis?
1053 935 1232 995 occa,
1274 928 1333 977 et
1377 937 1558 989 seges
1596 918 1778 978 altera
1814 919 1877 976 iu
1912 918 2098 979 herba
2148 932 2262 981 est.

294 1004 404 1062 Ast
455 1012 630 1062 vocat
674 1002 955 1068 officium:
1002 1001 1165 1061 trahe
1204 1012 1371 1079 rupta
1410 1002 1624 1061 Bruttia
1664 1019 1803 1062 saxa

293 1086 527 1146 Prendit
564 1086 778 1147 amicus
819 1087 1022 1162 inops,
1067 1103 1306 1162 remque
1351 1101 1574 1144 omnem
1616 1085 1904 1162 surdaque
1943 1096 2086 1146 vota

297 1168 563 1229 Condidit
606 1167 800 1236 Ionio;
841 1170 994 1227 iacet
1035 1171 1166 1251 ipse
1205 1171 1263 1227 in
1306 1168 1580 1228 litoreet
1623 1185 1731 1226 una

294 1253 567 1330 Ingentes
614 1251 685 1311 de
731 1270 928 1329 puppe
973 1252 1103 1327 dei,
1149 1253 1377 1329 iamque
1419 1251 1587 1311 obvia
1629 1252 1844 1328 mergis
2194 1266 2272 1319 3ο
2373 1275 2374 1300 ι

290 1336 476 1396 Costa
521 1336 660 1394 ratis
706 1334 967 1395 lacerae:
1018 1353 1166 1394 nunc
1211 1345 1269 1394 et
1314 1337 1387 1394 de
1430 1336 1652 1413 cespite
1706 1336 1840 1393 vivo
2373 1343 2374 1384 l

294 1420 523 1496 Frange
564 1419 808 1495 aliquid,
857 1418 1071 1495 largire
1115 1420 1309 1496 inopi,
1362 1437 1435 1477 ne
1480 1420 1670 1496 pictus
1711 1417 1951 1477 oberret
2373 1407 2374 1440 ¹

298 1501 583 1561 Caerulea
620 1502 680 1559 ‘in
713 1500 927 1561 tabula.
967 1536 1050 1548 —-·
1113 1502 1234 1562 Sed
1278 1519 1517 1561 coenam
1567 1502 1784 1560 funeris
1827 1502 2003 1561 heres
2373 1495 2374 1576 1

294 1585 605 1661 Negliget,
651 1586 829 1644 iratus
874 1584 1027 1661 quod
1076 1603 1196 1643 rem
1244 1586 1590 1654 curtaveris3
1640 1602 1816 1644 urnae

297 1668 447 1728 Ossa
494 1668 735 1728 inodora
780 1667 970 1746 dabit,
1021 1686 1125 1726 seu
1168 1666 1408 1745 spirent.
1434 1671 1688 1728 cinnama
1730 1668 1983 1744 surdum,
2195 1681 2270 1735 35
2373 1659 2374 1706 Ν

299 1753 415 1811 Seu
460 1768 668 1810 ceraso
714 1760 962 1829 peccent
1007 1753 1219 1826 casiae,
1267 1754 1498 1811 nescire
1543 1760 1795 1829 paratus,
1841 1786 1925 1796 —-

294 1835 455 1894 Haec
496 1836 690 1893 cinere
728 1833 970 1894 ulterior
1011 1832 1278 1893 metuas?
1318 1868 1405 1879 -
1464 1833 1537 1894 Et
1578 1834 1803 1893 Bestius
1845 1845 2016 1912 urget

292 1919 589 1987 Doctores
639 1917 879 1978 Graios:
944 1916 1045 1979 Ita
1086 1919 1185 1996 fit,
1229 1926 1553 1997 postquam
1592 1936 1819 1996 sapere
1860 1921 2003 1979 urbi

298 2001 444 2063 Cum
485 2004 702 2080 pipere
744 2010 801 2063 et
836 2004 1059 2079 palmis
1085 2005 1280 2080 venit,
1325 2011 1595 2084 nostrum
1623 2003 1736 2063 hoc
1764 2005 1956 2064 maris
1983 2021 2266 2081 empers;

294 2084 667 2147 Foem‘secae
712 2105 927 2147 crasso
967 2087 1262 2147 vitiarunt
1300 2088 1564 2165 anquina
1603 2087 1821 2164 pultes.
2029 2112 2040 2119 =
2192 2095 2268 2151 40

297 2167 457 2228 Tune
502 2169 652 2228 bona
694 2168 996 2228 incolumis
1044 2166 1415 2228 minuas‘?—·
1460 2169 1537 2228 At
1578 2178 1669 2245 tu,
1723 2186 1886 2228 meus
1931 2167 2111 2229 heres

298 2250 569 2328 Quisquis
615 2254 763 2326 eriS,
809 2253 1040 2330 paulum
1082 2269 1114 2312 a
1156 2252 1323 2311 turba
1365 2253 1659 2313 seductior
1706 2252 1865 2312 audi:

298 2332 345 2393 Ο
392 2334 582 2409 bone,
626 2353 757 2393 num
796 2332 1074 2412 ignoras?
1119 2336 1295 2396 missa
1344 2346 1434 2396 est
1477 2354 1509 2395 a
1563 2333 1818 2395 Caesare
1862 2335 2061 2395 laurus

293 2417 584 2494 Insignem
634 2417 709 2476 ob
752 2418 977 2478 cladem
1021 2418 1338 2478 Germanae
1385 2420 1586 2498 pubis,
1634 2429 1691 2478 et
1734 2421 1849 2478 aris

294 2501 561 2578 Frigidus
613 2502 897 2562 excutitur
938 2504 1113 2579 ciniS,
1161 2521 1232 2562 ac
1271 2505 1381 2563 iam
1425 2503 1689 2581 postibus
1729 2521 1904 2578 arma,
2192 2512 2267 2566 45
2369 2532 2375 2557 2

295 2584 412 2644 Iam
459 2585 1066 2663 chlamydesregum,
1107 2588 1218 2646 iam
1262 2587 1416 2646 lutea
1461 2604 1718 2664 gausapa
1769 2587 1953 2664 captis

297 2667 640 2746 Essedaque
685 2668 1067 2748 ingentesque
1110 2670 1268 2729 locat
1309 2667 1596 2745 Caesonia
1645 2669 1903 2737 Rhenes.

297 2751 403 2810 Dis
444 2752 617 2829 igitur
657 2754 946 2830 genioque
990 2753 1152 2813 ducis
1198 2762 1425 2813 centum
1463 2754 1622 2831 paria
1660 2753 1736 2812 ob
1772 2770 1869 2812 res

295 2833 555 2911 Egregie
598 2843 796 2910 gestas
839 2837 1078 2905 induco;
1133 2837 1261 2916 quis
1297 2833 1495 2896 vetat?
1542 2837 1710 2896 aude.
2101 2876 2122 2887 κ

296 2918 455 2992 Vae,
501 2919 609 2976 nisi
656 2919 960 2978 connives!
1010 2921 1202 2979 oleum
1244 2929 1659 3000 artocreasque
1707 2920 1948 2997 popello
2193 2931 2266 2983 50

294 2999 562 3075 Largior;
611 3019 682 3060 au
724 3000 1045 3079 prohibes?
1089 3005 1181 3063 dic
1220 3002 1409 3064 clare!
1458 3002 1592 3066 Non
1629 3005 1821 3078 adea,
1867 3004 2091 3081 inquis,
2365 3004 2375 3128 l

297 3078 639 3142 Exossatus
678 3102 831 3160 ayer
868 3086 1044 3145 ἱππέα
1082 3093 1194 3148 est.
1260 3085 1424 3162 Age,
1475 3089 1524 3145 si
1569 3086 1703 3146 mihi
1744 3086 1900 3146 nulla
2372 3138 2374 3167 ς

297 3156 416 3216 Iam
458 3163 683 3239 reliqua
730 3183 804 3223 ex
855 3169 1069 3242 amitis,
1118 3170 1399 3245 patruelis
1440 3169 1632 3245 nulla,
1673 3171 1975 3248 proneptis

295 3233 469 3296 Nulla
515 3253 705 3302 manet
757 3250 985 3323 patrui,
1028 3250 1242 3311 sterilis
1293 3259 1603 3311 matertera
1651 3252 1815 3327 vixit,

297 3311 504 3408 Deque
550 3326 676 3380 avia
729 3329 961 3385 nihilum
1005 3342 1306 3407 superest,
1358 3335 1578 3393 accedo
1626 3334 1882 3394 Bovillas
2200 3347 2270 3401 55
2371 3294 2375 3395 A

301 3387 634 3470 Chvumque
685 3406 756 3462 ad
797 3407 994 3484 Virbi,
1041 3423 1276 3487 praesto
1323 3425 1413 3473 est
1456 3417 1591 3475 mihi
1634 3416 1853 3477 Manius
1898 3417 2099 3478 heres.
2134 3456 2221 3467 —-
