2409 3825
373 129 454 195 10
1194 137 1501 194 CATVLLI
2132 141 2281 215 [XVI.
2374 154 2375 189 ‡

429 311 437 322 ·
496 293 682 371 Quod
724 300 883 365 sunt
922 298 1261 381 molliculi,
1304 321 1530 383 parum
1571 299 1895 383 pudicum.

398 395 433 445 5
496 379 670 446 Nam
719 386 965 449 castum
1008 404 1146 448 esse
1188 384 1371 448 decet
1410 385 1588 468 pium
1631 388 1892 468 poetam

495 463 529 529 I
577 483 754 554 sum,
795 468 1141 532 versiculos
1182 467 1347 532 nihil
1387 472 1739 551 necessest,

556 553 629 618 ui
668 557 809 618 tum
850 552 1122 635 denique
1161 550 1404 616 habent
1445 553 1646 618 salem
1688 575 1763 618 ac
1806 553 2124 641 leporem,

503 637 572 702 Si
616 640 767 702 sunt
806 635 1117 701 molliculi
1158 656 1233 700 ac
1274 657 1502 719 parum
1542 636 1758 721 pudici

500 721 590 786 Et
632 720 802 804 quod
843 720 1089 804 pruriat
1127 719 1396 784 incitare
1438 724 1738 804 possunt,

377 818 443 869 10
497 804 561 871 N
563 826 651 869 on
693 804 833 869 dico
874 805 1087 888 pueris
1102 851 1121 886 ‚
1166 803 1279 868 sed
1319 803 1423 868 his
1465 804 1715 888 pilosiS‚

500 888 625 964 Qui
668 888 859 953 duros
900 890 1226 985 nequeunt
1265 906 1520 953 movere
1562 889 1838 957 lumbos.

498 971 665 1055 Vos,
711 992 905 1069 quom
946 972 1125 1036 milia
1166 973 1370 1036 multa
1411 972 1734 1037 basiorum

496 1055 587 1121 Le
639 1056 653 1070 ⁹
689 1058 773 1120 tis
784 1104 803 1139 ‚
846 1056 1013 1121 male
1054 1077 1157 1121 me
1198 1078 1439 1121 marem
1480 1055 1766 1139 putatis?

496 1139 587 1206 Pe
637 1139 815 1204 'cabo
860 1160 980 1226 ego
1023 1161 1139 1205 vos
1182 1144 1252 1204 et
1290 1139 1644 1204 inrumab0.

1211 1353 1440 1428 XVII.

498 1478 553 1544 Ο
600 1478 899 1560 Colonia,
944 1498 1103 1561 quae
1148 1477 1326 1560 cupis
1368 1480 1568 1560 ponte
1611 1476 1828 1542 ludere
1871 1479 2102 1563 long0,

493 1562 585 1629 Et
626 1563 812 1628 salire
853 1564 1148 1646 paratum
1188 1560 1415 1644 habeS‚
1461 1561 1573 1626 sed
1613 1561 1869 1626 vereris
1893 1563 2117 1660 inepta

498 1646 700 1713 Crura
740 1646 1052 1730 ponticuli
1094 1645 1322 1711 assulis
1367 1646 1596 1710 stantis
1638 1645 1709 1709 in
1749 1645 2082 1729 redivivis,

494 1730 597 1796 Ne
642 1731 907 1814 supinus
952 1734 1057 1795 eat
1099 1750 1373 1813 cavaque
1416 1730 1487 1793 in
1572 1729 1757 1794 alude
1798 1730 2162 1817 recumbat3

393 1826 429 1876 ὅ
496 1814 601 1880 Sic
644 1813 764 1878 tibi
805 1814 1011 1879 bonus
1056 1835 1133 1878 ex
1173 1816 1287 1877 tua
1326 1834 1489 1897 pons
1562 1814 1795 1878 ’bidine
1837 1813 1980 1899 fiat,

491 1898 573 1964 In
616 1920 746 1982 quo
783 1899 887 1964 vel
930 1897 1287 1964 Salisubsili
1329 1919 1512 1963 sacra
1554 1898 2009 1983 suscipiantur:

493 1982 728 2048 Munus
772 1982 897 2048 hoc
937 1982 1095 2047 mihi
1140 1982 1404 2047 maximi
1448 1983 1555 2067 da,
1603 1980 1905 2066 Colonia,
1949 1984 2140 2048 risus.

494 2067 825 2144 Quendam
867 2066 1253 2151 municipem
1295 2088 1507 2131 meum
1551 2067 1627 2131 de
1670 2070 1783 2132 tuo
1827 2067 1976 2131 volo
2022 2070 2235 2151 ponte

490 2150 593 2216 Ire
635 2151 1046 2235 praecipitem
1087 2152 1158 2216 in
1201 2151 1409 2215 lutum
1448 2172 1562 2235 per
1601 2154 1915 2235 caputque
1953 2151 2299 2237 pedesque,

365 2246 433 2299 10
485 2235 727 2301 Verum
766 2235 965 2299 totius
1006 2238 1081 2299 ut
1120 2236 1295 2300 lacus
1337 2235 1716 2319 putidaeque
1805 2234 2010 2299 aludis
2374 2243 2375 2252 ’

488 2318 894 2384 Lividissima
934 2319 1335 2403 maximeque
1379 2323 1479 2383 est
1516 2258 1834 2403 profunga
1873 2341 2139 2404 vorago.

487 2403 957 2468 Insulsissimus
999 2407 1100 2469 est
1138 2403 1332 2469 homo
1344 2452 1362 2486 ‚
1405 2425 1524 2468 nec
1568 2404 1736 2487 sapit
1775 2404 1959 2487 pueri
2002 2403 2219 2469 instar

485 2487 725 2552 Bimuli
766 2489 1038 2553 tremula
1079 2487 1279 2571 patris
1323 2487 1694 2552 dormientis
1737 2488 1807 2552 in
1849 2488 2021 2551 ulna.

487 2572 652 2648 Quoi
694 2593 840 2637 cum
884 2573 969 2638 sit
1006 2571 1393 2637 viridissimo
1434 2575 1638 2656 nupta
1677 2571 1833 2636 flore
1874 2571 2096 2655 puella

361 2668 426 2719 15
486 2656 605 2741 (Et
642 2657 859 2741 puella
897 2656 1202 2721 tenellulo
1249 2655 1577 2720 delicatior
1616 2654 1854 2737 haedo,

482 2741 902 2806 Adservanda
941 2739 1305 2838 nigerrimis
1349 2738 1720 2824 diligentius
1762 2738 1963 2825 uvis),

483 2824 731 2890 Ludere
772 2824 939 2890 hanc
982 2825 1138 2889 smit
1178 2827 1253 2887 ut
1294 2824 1499 2906 lubet,
1544 2845 1665 2888 nec
1706 2823 1824 2907 pili
1864 2824 2026 2888 facit
2067 2824 2185 2888 uni
2196 2872 2219 2907 ,

480 2908 620 2975 Nec
663 2930 731 2973 se
775 2909 1065 2974 sublevat
1107 2929 1184 2972 ex
1227 2928 1342 2972 sua
1381 2911 1595 2992 parte,
1642 2908 1754 2972 sed
1794 2908 1972 2971 velut
2013 2906 2211 2972 alnus

481 2993 562 3058 In
602 2993 777 3057 fossa
818 2993 1042 3077 Liguri
1084 2992 1251 3057 iacet
1293 2995 1680 3076 suppernata
1723 2993 1957 3072 securi,

352 3089 423 3138 20
479 3076 884 3140 Tantundem
926 3076 1144 3140 omnia
1173 3076 1454 3140 sentiens
1499 3098 1690 3160 quam
1734 3076 1790 3140 si
1829 3075 2011 3140 nulla
2052 3077 2146 3141 sit
2188 3097 2303 3141 us·

1613 3182 1763 3223 uam

480 3238 652 3301 'Palis
693 3241 816 3305 iste
857 3262 1037 3305 meus
1061 3243 1304 3324 'stupor
1343 3242 1442 3305 nil
1483 3182 1687 3327 vidqet,
1730 3208 1897 3307 1111111
1938 3244 2153 3328 audit,

478 3315 625 3398 Ipse
679 3322 789 3402 qui
842 3323 954 3406 sit,
1008 3326 1221 3389 utrum
1273 3324 1360 3390 sit
1410 3346 1494 3389 an
1544 3347 1680 3391 non
1723 3329 1849 3474 ‘si-it,
1905 3326 1974 3391 id
2030 3349 2299 3413 quoque

1560 3430 1740 3474 nesci

2356 3131 2376 3203 1

344 3749 586 3768 ...1,
2370 3463 2376 3768 1
