2409 3825
255 146 354 215 ‚74
489 84 492 87 ⁵
669 164 673 168 Δ
1232 143 1316 205 111
1394 120 1401 125 “

283 325 414 380 -435
437 315 699 376 diffluere
725 330 979 373 umorem
1008 322 1066 373 et
1096 312 1326 372 laticem
1350 311 1655 374 discedere
1682 315 1870 376 cernis
1884 360 1905 393 ,‚

439 410 502 462 et
525 397 734 460 nebula
755 416 824 458 ac
846 396 1032 457 fumus
1065 397 1327 476 quoniam
1357 395 1603 457 discedit
1627 399 1684 457 in
1710 417 1875 460 auras
1892 444 1910 477 ,

442 484 616 545 crede
644 484 879 544 animam
902 499 1133 561 quoque
1159 480 1390 541 diffundi
1417 480 1713 561 multoque
1735 484 1926 561 perire

441 571 602 631 ocius
631 577 693 629 et
719 569 885 627 citius
911 564 1149 626 dissolvi
1175 567 1230 624 in
1255 582 1497 646 corpora
1521 569 1698 645 prima
1715 612 1732 644 ‚

441 673 568 715 cum
592 651 774 714 semel
805 670 880 712 ex
901 651 1141 710 hominis
1172 651 1439 710 membris
1463 648 1647 711 ablata
1668 655 1945 713 recessit:

309 748 418 803 440
441 740 656 818 quippe
681 736 893 796 etenim
924 752 1167 815 corpus,
1196 734 1348 813 quod
1369 752 1470 794 vas
1495 737 1656 813 quasi
1681 738 1933 796 constitit
1955 739 2084 798 eius
2100 782 2120 817 ,

442 841 608 902 quam
631 820 905 881 cohibere
934 821 1130 897 nequit
1155 829 1599 898 conquassatum
1628 837 1703 883 ex
1722 819 1910 898 aliqua
1931 839 1996 881 re

437 925 508 968 ac
530 904 872 965 rarefactum
895 902 1150 964 detracto
1174 905 1450 982 sanguine
1474 907 1637 965 venis
1656 950 1673 982 ‚

439 997 577 1050 aere
603 991 697 1068 qui
722 987 924 1049 credas
948 1005 1127 1067 posse
1154 988 1302 1048 hanc
1330 987 1657 1049 cohiberier
1680 989 1798 1048 ullo
1819 1034 1837 1068 ‚

443 1090 690 1151 corpore
716 1074 811 1151 qui
838 1082 1036 1133 nostro
1059 1091 1220 1134 rarus
1248 1074 1428 1150 magis
1452 1091 1637 1152 usque
1668 1071 1982 1153 liquescit?

309 1169 413 1224 445
524 1158 831 1218 Praeterea
858 1158 1015 1235 gigni
1044 1159 1260 1237 pariter
1290 1175 1415 1216 cum
1448 1174 1696 1236 corpore
1722 1166 1781 1218 et
1804 1177 1912 1218 una

443 1261 714 1304 crescere
742 1244 1017 1303 sentimus
1047 1243 1376 1322 pariterque
1402 1260 1717 1303 senescere
1741 1252 2007 1303 mentem.

440 1347 565 1388 nam
598 1325 758 1388 velut
778 1327 998 1386 infirmo
1026 1329 1192 1405 pueri
1216 1335 1536 1404 teneroque
1565 1337 1843 1405 vagantur

441 1429 686 1491 corpore
702 1457 720 1489 ‚
747 1413 834 1474 sic
856 1413 1021 1470 animi
1044 1414 1305 1489 sequitur
1326 1414 1609 1473 sententia
1637 1415 1853 1473 tenvis:

436 1497 569 1557 inde
599 1496 695 1556 ubi
716 1496 968 1556 robustis
991 1492 1243 1556 adolevit
1271 1496 1487 1557 viribus
1509 1506 1667 1557 aetas
1684 1543 1703 1574 ,

310 1591 415 1645 450
438 1581 733 1643 consilium
764 1597 995 1660 quoque
1018 1583 1193 1642 maius
1229 1590 1287 1641 et
1307 1584 1530 1641 auctior
1553 1590 1644 1641 est
1671 1583 1836 1641 animi
1859 1584 1975 1643 vis:

435 1676 571 1749 post
593 1668 689 1727 ubi
718 1668 828 1726 iam
847 1665 1048 1725 validis
1075 1675 1400 1743 quassatum
1430 1675 1523 1727 est
1548 1666 1764 1727 viribus
1786 1669 1914 1726 aevi

442 1768 652 1831 corpus
679 1761 738 1811 et
762 1750 982 1810 obtusis
1010 1750 1342 1811 ceciderunt
1363 1751 1579 1811 viribus
1609 1760 1797 1830 artu5‚

441 1836 719 1897 claudicat
743 1837 1032 1913 ingenium
1049 1881 1066 1914 ,
1094 1834 1295 1895 delirat
1319 1835 1510 1914 lingua
1527 1872 1557 1914 ,1
1570 1837 1745 1897 labat
1771 1855 1930 1897 mens
1946 1883 1963 1916 ,

437 1923 620 1980 omnia
643 1919 915 1979 deficiunt
936 1928 1107 1997 atque
1136 1938 1250 1980 uno
1275 1932 1537 1999 tempore
1565 1921 1788 1982 desunt.

305 2014 410 2068 455
441 2020 583 2083 ergo
615 2001 853 2064 dissolui
881 2020 1110 2082 quoque
1142 2007 1409 2091 convenit
1437 2022 1658 2066 omnem
1678 2008 1877 2066 animai

433 2098 685 2149 naturam
701 2134 718 2166 ‚
756 2106 863 2148 ceu
885 2090 1071 2149 fumus
1090 2136 1107 2166 ‚
1141 2091 1198 2148 in
1222 2090 1365 2150 altas
1392 2092 1543 2151 aeris
1566 2109 1762 2160 auras;

436 2172 893 2252 quandoquidem
915 2175 1072 2251 gigni
1103 2175 1316 2251 pariter
1337 2176 1664 2253 pariterque
1693 2175 1949 2237 videmus

438 2275 709 2318 crescere
735 2266 827 2335 et,
854 2268 918 2317 ut
942 2258 1143 2336 docui,
1170 2257 1335 2320 simul
1365 2277 1511 2319 aevo
1531 2261 1690 2320 fessa
1712 2259 1917 2320 fatisci.

519 2340 647 2401 Huc
674 2341 900 2401 accedit
923 2343 1001 2401 uti
1025 2342 1352 2421 videamus,
1387 2361 1600 2423 corpus
1631 2352 1692 2404 ut
1713 2346 1899 2424 ipsum

306 2434 413 2489 460
435 2427 736 2503 suscipere
766 2426 1001 2486 inmanis
1023 2428 1257 2488 morbos
1281 2426 1596 2508 durumque
1619 2427 1877 2489 dolorem
1895 2474 1915 2507 ‚

436 2513 521 2572 sic
546 2513 787 2571 animum
817 2528 981 2572 curas
1017 2513 1166 2572 acris
1196 2510 1531 2590 luctumque
1553 2523 1912 2591 metumque;

436 2612 609 2674 quare
634 2596 972 2675 participem
992 2594 1093 2656 leti
1118 2614 1350 2674 quoque
1374 2599 1643 2657 convenit
1666 2617 1820 2659 esse.

433 2684 566 2759 quin
592 2682 757 2741 etiam
785 2680 998 2740 morbis
1028 2682 1084 2739 in
1110 2682 1372 2760 corporis
1393 2684 1554 2742 avius
1585 2691 1735 2742 errat

434 2783 611 2845 saepe
633 2766 878 2825 animus:
909 2762 1183 2825 dementit
1207 2767 1356 2824 enim
1380 2764 1673 2844 deliraque
1699 2766 1847 2827 fatur
1862 2812 1879 2844 ,

303 2857 408 2913 465
436 2849 832 2928 interdumque
856 2850 1015 2926 gravi
1039 2847 1304 2926 lethargo
1328 2849 1509 2909 fertur
1530 2851 1586 2909 in
1608 2848 1782 2911 altum

429 2943 838 3010 aeternumque
869 2948 1138 3011 soporem
1164 2932 1350 2993 oculis
1375 2943 1627 3013 nutuque
1659 2934 1912 3003 cadenti;

427 3017 577 3079 unde
606 3035 798 3096 neque
822 3015 1051 3079 exaudit
1071 3035 1254 3077 voces
1282 3036 1394 3078 nec
1417 3037 1666 3081 noscere
1687 3017 1878 3079 voltus

430 3101 656 3161 illorum
679 3103 832 3180 potis
845 3111 982 3178 ast,
1007 3096 1077 3161 ad
1100 3104 1270 3163 vitam
1293 3104 1388 3180 qui
1411 3111 1755 3165 revocantes

432 3187 644 3245 circum
663 3194 811 3246 stant
837 3184 1083 3246 lacrimis
1106 3196 1364 3248 rorantes
1389 3204 1490 3250 ora
1510 3205 1828 3266 genasque.

300 3273 405 3330 470
427 3284 602 3347 quare
630 3269 869 3328 animum
893 3285 1123 3347 quoque
1147 3269 1387 3331 dissolui
1428 3272 1646 3348 fateare
1669 3284 2013 3354 necessest,

427 3350 881 3429 quandoquidem
906 3362 1207 3429 penetrant
1229 3356 1286 3413 in
1310 3372 1440 3414 eum
1465 3357 1728 3433 contagia
1749 3355 1964 3417 morbi:

426 3453 552 3495 nam
584 3433 750 3495 dolor
777 3453 847 3495 ac
869 3436 1102 3496 morbus
1125 3436 1228 3496 leti
1251 3437 1563 3498 fabricator
1589 3447 1919 3520 uterquest;
