2409 3825
138 169 459 240 Lxxxnm
718 145 728 160 ”
986 168 1224 226 LIBER.
1985 157 2073 224 63

884 333 1312 407 LXXVHH.

139 465 410 533 Lesbius
454 467 553 529 est
591 464 887 549 pulcher:
933 465 1085 549 quid
1126 465 1242 532 ni?
1287 485 1473 548 quem
1516 461 1746 528 Lesbia
1786 461 1972 538 malil,

228 550 434 626 Quam
476 553 542 613 te
586 570 730 613 cum
772 553 913 614 tota
952 553 1179 635 gente,
1225 547 1504 630 Catulle,
1548 549 1681 611 tua.

141 633 272 700 Sed
298 639 516 697 tamen
541 632 648 697 hie
677 632 944 717 pulcher
970 633 1207 698 vendat
1234 654 1380 698 oum
1406 636 1600 718 gente
1631 629 1973 713 Catullum,

229 718 303 784 Si
343 718 467 782 tria
506 722 810 781 notorum
852 717 1024 782 savia
1065 717 1434 802 reppererit.

959 930 1248 1005 LXXX.

142 1054 316 1133 Quid
357 1053 564 1119 dicam
645 1052 845 1140 Gelli,
929 1065 1082 1118 uare
1122 1075 1308 1119 rosea
1350 1054 1474 1119 ista
1516 1054 1748 1119 labella

228 1139 522 1204 Hiberna
562 1104 724 1202 fiant
765 1159 882 1203 can
934 1138 1131 1203 ‘diora
1170 1139 1350 1222 nive,

141 1224 339 1289 Mane
384 1223 574 1287 domo
618 1244 762 1287 cum
806 1223 939 1288 exis
983 1226 1049 1287 et
1090 1244 1236 1287 eum
1277 1226 1342 1288 ize
1385 1224 1609 1287 octava
1650 1220 1861 1305 quiete

227 1308 287 1372 E
331 1306 513 1372 molli
555 1307 754 1391 longo
800 1307 1064 1372 suscitat
1103 1306 1265 1371 hora
1308 1306 1454 1371 die?

34 1469 35 1472 Ἴ
142 1390 541 1474 Nescioquid
586 1394 852 1456 certest:
899 1414 981 1455 an
1023 1412 1169 1455 vere
1211 1390 1384 1454 fama
1425 1391 1708 1454 susurrat
2038 1397 2074 1448 5

232 1475 515 1540 Grandia
555 1477 620 1539 ize
662 1474 856 1539 medii
898 1478 1079 1539 tenta
1121 1496 1341 1538 vorare
1382 1473 1548 1538 viri‘?

144 1560 254 1626 Sic
299 1562 560 1640 certest:
608 1559 888 1623 clamant
927 1557 1210 1624 Victoris
1252 1559 1440 1642 rupta
1482 1556 1715 1621 miselli

230 1643 384 1727 Ilia,
430 1646 496 1707 el:
537 1644 780 1707 emulso
826 1643 1002 1706 labra
1042 1645 1265 1707 notata
1308 1663 1469 1707 sero.

952 1856 1277 1932 LXXXI.

143 1982 441 2050 Nemone
482 1982 557 2047 in
596 1983 775 2046 tanto
818 1981 1032 2064 potuit
1071 1980 1310 2065 populo
1357 2002 1525 2063 esse,
1568 1978 1852 2063 Iuventi,

232 2067 453 2132 Bellus
495 2065 722 2148 homo,
767 2087 956 2149 quem
997 2069 1070 2129 tu
1113 2065 1381 2150 diligere
1422 2065 1736 2148 inciperes
1748 2111 1768 2146 ,

147 2151 599 2235 Praesserquam
642 2152 764 2215 iste
806 2153 954 2214 tuus
995 2149 1378 2214 moribunda
1417 2171 1456 2215 a
1499 2149 1645 2214 sede
1687 2145 1933 2213 Pisauri

233 2236 489 2319 Hospes
532 2235 823 2299 inaurata
862 2233 1162 2318 pallidior
1205 2237 1447 2317 statua,

149 2318 276 2396 Qui
319 2320 440 2383 tibi
481 2340 651 2384 nunc
696 2317 963 2401 cordist,
1050 2340 1196 2384 uem
1237 2321 1312 2383 tu
1352 2339 1742 2404 praeponere
1783 2314 1969 2381 nobis
2041 2324 2077 2376 5
2131 2330 2136 2339 ‘

232 2402 484 2487 Audes,
528 2405 594 2467 el:
633 2403 842 2467 neseis
887 2422 1011 2486 quo
1060 2404 1065 2429 ‘
1098 2403 1347 2468 facinus
1390 2404 1605 2468 facias.

932 2634 1293 2709 LXXXH.

32 2844 46 2865 Ἴ,
149 2756 408 2841 Quinfi,
452 2757 508 2822 si
549 2757 671 2822 tibi
712 2757 810 2822 vis
854 2758 1074 2823 oculos
1117 2758 1345 2822 debere
1390 2756 1711 2824 Catullum

240 2844 375 2908 Aut
415 2841 588 2906 aliud
631 2841 841 2925 siquid
884 2842 1090 2907 carius
1133 2845 1234 2906 est
1275 2842 1475 2907 oeulis
1489 2891 1508 2925 ‚

147 2928 267 2994 Eri
314 2948 418 2991 ere
462 2927 522 2991 ei
563 2926 733 3010 noli,
776 2927 980 2991 multo
1025 2925 1196 3010 quod
1239 2927 1444 2991 carius
1485 2927 1587 2990 illi

297 3016 360 3076 st
402 3010 601 3075 oculis
646 3032 758 3075 seu
801 3010 954 3094 quid
995 3010 1202 3075 carius
1247 3014 1348 3076 est
1387 3009 1609 3075 oeulis.

911 3242 1307 3318 LXXXHL

148 3369 384 3436 Lesbia
424 3368 515 3434 mi
555 3369 889 3452 praesente
931 3368 1069 3432 viro
1114 3367 1287 3465 mala
1324 3365 1601 3465 plurima
1642 3364 1827 3430 dicit:

235 3454 419 3520 Haec
459 3454 557 3519 illi
598 3455 775 3518 falzuo
820 3453 1097 3517 maxima
1137 3453 1460 3516 laetitiast.
