<?xml version="1.0" encoding="UTF-8"?>
<!DOCTYPE html PUBLIC "-//W3C//DTD XHTML 1.0 Transitional//EN"
    "http://www.w3.org/TR/xhtml1/DTD/xhtml1-transitional.dtd">
<html xmlns="http://www.w3.org/1999/xhtml" xml:lang="en" lang="en">
 <head>
  <title>
</title>
<meta http-equiv="Content-Type" content="text/html;charset=utf-8" />
  <meta name='ocr-system' content='tesseract 3.04.00' />
  <meta name='ocr-capabilities' content='ocr_page ocr_carea ocr_par ocr_line ocrx_word'/>
</head>
<body>
  <div class='ocr_page' id='page_1' title='image "./tlucreticarider01unkngoog_0062.png"; bbox 0 0 2409 3825; ppageno 0'>
   <div class='ocr_carea' id='block_1_1' title="bbox 283 168 1317 230">
    <p class='ocr_par' dir='ltr' id='par_1_1' title="bbox 283 168 1317 230">
     <span class='ocr_line' id='line_1_1' title="bbox 283 168 1317 230; baseline -0.002 0"><span class='ocrx_word' id='word_1_1' title='bbox 283 170 367 230; x_wconf 72' lang='lat'><strong>4⁶2</strong></span> <span class='ocrx_word' id='word_1_2' title='bbox 1262 168 1317 228; x_wconf 91' lang='lat'><strong>11</strong></span> 
     </span>
    </p>
   </div>
   <div class='ocr_carea' id='block_1_2' title="bbox 328 333 2133 3511">
    <p class='ocr_par' dir='ltr' id='par_1_2' title="bbox 450 333 1815 413">
     <span class='ocr_line' id='line_1_2' title="bbox 450 333 1815 413; baseline -0.001 -17"><span class='ocrx_word' id='word_1_3' title='bbox 450 336 745 397; x_wconf 86' lang='lat' dir='ltr'><strong>horrorem</strong></span> <span class='ocrx_word' id='word_1_4' title='bbox 771 344 1034 395; x_wconf 77' lang='lat' dir='ltr'>constare</span> <span class='ocrx_word' id='word_1_5' title='bbox 1056 333 1357 395; x_wconf 89' lang='lat' dir='ltr'><strong>elementis</strong></span> <span class='ocrx_word' id='word_1_6' title='bbox 1383 334 1608 396; x_wconf 85' lang='lat' dir='ltr'><strong>levibus</strong></span> <span class='ocrx_word' id='word_1_7' title='bbox 1631 351 1815 413; x_wconf 85' lang='lat' dir='ltr'><strong>aeque</strong></span> 
     </span>
    </p>

    <p class='ocr_par' dir='ltr' id='par_1_3' title="bbox 453 417 1821 498">
     <span class='ocr_line' id='line_1_3' title="bbox 453 417 1821 498; baseline -0.002 -17"><span class='ocrx_word' id='word_1_8' title='bbox 453 440 521 481; x_wconf 90' lang='lat' dir='ltr'><strong>ac</strong></span> <span class='ocrx_word' id='word_1_9' title='bbox 542 437 770 481; x_wconf 87' lang='lat' dir='ltr'><strong>musaea</strong></span> <span class='ocrx_word' id='word_1_10' title='bbox 792 417 942 478; x_wconf 88' lang='lat' dir='ltr'><strong>mele</strong></span> <span class='ocrx_word' id='word_1_11' title='bbox 957 463 975 496; x_wconf 80' lang='lat'><strong>‚</strong></span> <span class='ocrx_word' id='word_1_12' title='bbox 999 436 1106 497; x_wconf 90' lang='lat' dir='ltr'><strong>per</strong></span> <span class='ocrx_word' id='word_1_13' title='bbox 1131 417 1372 479; x_wconf 81' lang='lat' dir='ltr'><strong>chordas</strong></span> <span class='ocrx_word' id='word_1_14' title='bbox 1401 418 1653 495; x_wconf 81' lang='lat' dir='ltr'>organici</span> <span class='ocrx_word' id='word_1_15' title='bbox 1678 436 1821 498; x_wconf 86' lang='lat' dir='ltr'><strong>quae</strong></span> 
     </span>
    </p>

    <p class='ocr_par' dir='ltr' id='par_1_4' title="bbox 452 501 1698 583">
     <span class='ocr_line' id='line_1_4' title="bbox 452 501 1698 583; baseline -0.002 -19"><span class='ocrx_word' id='word_1_16' title='bbox 452 503 757 583; x_wconf 85' lang='lat' dir='ltr'><strong>mobilibus</strong></span> <span class='ocrx_word' id='word_1_17' title='bbox 779 501 969 580; x_wconf 81' lang='lat' dir='ltr'>digitis</span> <span class='ocrx_word' id='word_1_18' title='bbox 994 501 1405 580; x_wconf 83' lang='lat' dir='ltr'><strong>expergefacta</strong></span> <span class='ocrx_word' id='word_1_19' title='bbox 1429 503 1698 579; x_wconf 82' lang='lat' dir='ltr'><strong>figurant;</strong></span> 
     </span>
    </p>

    <p class='ocr_par' dir='ltr' id='par_1_5' title="bbox 328 585 1973 746">
     <span class='ocr_line' id='line_1_5' title="bbox 452 585 1816 665; baseline -0.004 -16"><span class='ocrx_word' id='word_1_20' title='bbox 452 607 565 649; x_wconf 89' lang='lat' dir='ltr'><strong>neu</strong></span> <span class='ocrx_word' id='word_1_21' title='bbox 594 585 758 647; x_wconf 84' lang='lat' dir='ltr'>simili</span> <span class='ocrx_word' id='word_1_22' title='bbox 787 595 1090 665; x_wconf 87' lang='lat' dir='ltr'><strong>penetrare</strong></span> <span class='ocrx_word' id='word_1_23' title='bbox 1116 595 1287 663; x_wconf 86' lang='lat' dir='ltr'><strong>putes</strong></span> <span class='ocrx_word' id='word_1_24' title='bbox 1309 586 1612 665; x_wconf 86' lang='lat' dir='ltr'><strong>primordia</strong></span> <span class='ocrx_word' id='word_1_25' title='bbox 1640 586 1816 644; x_wconf 86' lang='lat' dir='ltr'><strong>forma</strong></span> 
     </span>
     <span class='ocr_line' id='line_1_6' title="bbox 328 668 1973 746; baseline -0.004 -12"><span class='ocrx_word' id='word_1_26' title='bbox 328 681 429 734; x_wconf 79' lang='lat'><strong>415</strong></span> <span class='ocrx_word' id='word_1_27' title='bbox 453 675 517 733; x_wconf 79' lang='lat' dir='ltr'><strong>in</strong></span> <span class='ocrx_word' id='word_1_28' title='bbox 530 690 698 731; x_wconf 91' lang='lat' dir='ltr'><strong>nares</strong></span> <span class='ocrx_word' id='word_1_29' title='bbox 720 669 1004 730; x_wconf 91' lang='lat' dir='ltr'><strong>hominum</strong></span> <span class='ocrx_word' id='word_1_30' title='bbox 1020 715 1038 745; x_wconf 86' lang='lat'>,</span> <span class='ocrx_word' id='word_1_31' title='bbox 1064 686 1193 728; x_wconf 90' lang='lat' dir='ltr'><strong>cum</strong></span> <span class='ocrx_word' id='word_1_32' title='bbox 1214 678 1393 729; x_wconf 85' lang='lat' dir='ltr'><strong>taetra</strong></span> <span class='ocrx_word' id='word_1_33' title='bbox 1419 668 1695 729; x_wconf 85' lang='lat' dir='ltr'><strong>cadavera</strong></span> <span class='ocrx_word' id='word_1_34' title='bbox 1715 677 1973 746; x_wconf 82' lang='lat' dir='ltr'><strong>torrent,</strong></span> 
     </span>
    </p>

    <p class='ocr_par' dir='ltr' id='par_1_6' title="bbox 455 750 1866 832">
     <span class='ocr_line' id='line_1_7' title="bbox 455 750 1866 832; baseline -0.003 -15"><span class='ocrx_word' id='word_1_35' title='bbox 455 766 513 818; x_wconf 86' lang='lat' dir='ltr'><strong>et</strong></span> <span class='ocrx_word' id='word_1_36' title='bbox 538 773 665 815; x_wconf 92' lang='lat' dir='ltr'><strong>cum</strong></span> <span class='ocrx_word' id='word_1_37' title='bbox 689 771 864 814; x_wconf 91' lang='lat' dir='ltr'><strong>scena</strong></span> <span class='ocrx_word' id='word_1_38' title='bbox 890 769 1064 812; x_wconf 91' lang='lat' dir='ltr'><strong>croco</strong></span> <span class='ocrx_word' id='word_1_39' title='bbox 1094 750 1261 812; x_wconf 89' lang='lat' dir='ltr'><strong>Cilici</strong></span> <span class='ocrx_word' id='word_1_40' title='bbox 1284 752 1519 832; x_wconf 83' lang='lat' dir='ltr'><strong>perfusa</strong></span> <span class='ocrx_word' id='word_1_41' title='bbox 1538 771 1745 813; x_wconf 85' lang='lat' dir='ltr'><strong>recens</strong></span> <span class='ocrx_word' id='word_1_42' title='bbox 1776 762 1866 813; x_wconf 86' lang='lat' dir='ltr'><strong>est</strong></span> 
     </span>
    </p>

    <p class='ocr_par' dir='ltr' id='par_1_7' title="bbox 457 835 1810 917">
     <span class='ocr_line' id='line_1_8' title="bbox 457 835 1810 917; baseline -0.004 -17"><span class='ocrx_word' id='word_1_43' title='bbox 457 858 665 917; x_wconf 87' lang='lat' dir='ltr'><strong>araque</strong></span> <span class='ocrx_word' id='word_1_44' title='bbox 691 836 1020 896; x_wconf 81' lang='lat' dir='ltr'><strong>Panchaeos</strong></span> <span class='ocrx_word' id='word_1_45' title='bbox 1053 835 1278 896; x_wconf 83' lang='lat' dir='ltr'><strong>exhalat</strong></span> <span class='ocrx_word' id='word_1_46' title='bbox 1306 846 1544 915; x_wconf 89' lang='lat' dir='ltr'><strong>propter</strong></span> <span class='ocrx_word' id='word_1_47' title='bbox 1572 836 1810 904; x_wconf 91' lang='lat' dir='ltr'><strong>odores;</strong></span> 
     </span>
    </p>

    <p class='ocr_par' dir='ltr' id='par_1_8' title="bbox 454 919 1762 982">
     <span class='ocr_line' id='line_1_9' title="bbox 454 919 1762 982; baseline -0.002 0"><span class='ocrx_word' id='word_1_48' title='bbox 454 941 603 982; x_wconf 85' lang='lat' dir='ltr'><strong>neve</strong></span> <span class='ocrx_word' id='word_1_49' title='bbox 631 921 812 981; x_wconf 88' lang='lat' dir='ltr'><strong>bonos</strong></span> <span class='ocrx_word' id='word_1_50' title='bbox 839 937 1029 981; x_wconf 90' lang='lat' dir='ltr'><strong>rerum</strong></span> <span class='ocrx_word' id='word_1_51' title='bbox 1052 919 1219 980; x_wconf 84' lang='lat' dir='ltr'>simili</span> <span class='ocrx_word' id='word_1_52' title='bbox 1245 930 1507 981; x_wconf 80' lang='lat' dir='ltr'><strong>constare</strong></span> <span class='ocrx_word' id='word_1_53' title='bbox 1533 919 1762 979; x_wconf 89' lang='lat' dir='ltr'><strong>colores</strong></span> 
     </span>
    </p>

    <p class='ocr_par' dir='ltr' id='par_1_9' title="bbox 329 1003 1964 1167">
     <span class='ocr_line' id='line_1_10' title="bbox 457 1003 1964 1084; baseline -0.005 -17"><span class='ocrx_word' id='word_1_54' title='bbox 457 1007 672 1067; x_wconf 89' lang='lat' dir='ltr'><strong>semine</strong></span> <span class='ocrx_word' id='word_1_55' title='bbox 699 1006 1009 1064; x_wconf 87' lang='lat' dir='ltr'><strong>constituas</strong></span> <span class='ocrx_word' id='word_1_56' title='bbox 1029 1049 1047 1081; x_wconf 82' lang='lat'>‚</span> <span class='ocrx_word' id='word_1_57' title='bbox 1075 1003 1277 1064; x_wconf 91' lang='lat' dir='ltr'><strong>oculos</strong></span> <span class='ocrx_word' id='word_1_58' title='bbox 1303 1006 1398 1083; x_wconf 90' lang='lat' dir='ltr'><strong>qui</strong></span> <span class='ocrx_word' id='word_1_59' title='bbox 1420 1021 1665 1084; x_wconf 90' lang='lat' dir='ltr'><strong>pascere</strong></span> <span class='ocrx_word' id='word_1_60' title='bbox 1691 1012 1964 1081; x_wconf 85' lang='lat' dir='ltr'><strong>possunt,</strong></span> 
     </span>
     <span class='ocr_line' id='line_1_11' title="bbox 329 1087 1905 1167; baseline -0.004 -15"><span class='ocrx_word' id='word_1_61' title='bbox 329 1099 434 1152; x_wconf 78' lang='lat'><strong>420</strong></span> <span class='ocrx_word' id='word_1_62' title='bbox 457 1089 634 1167; x_wconf 86' lang='lat' dir='ltr'><strong>etqui</strong></span> <span class='ocrx_word' id='word_1_63' title='bbox 659 1097 1027 1166; x_wconf 83' lang='lat' dir='ltr'>conpungunt</span> <span class='ocrx_word' id='word_1_64' title='bbox 1054 1090 1237 1148; x_wconf 88' lang='lat' dir='ltr'><strong>aciem</strong></span> <span class='ocrx_word' id='word_1_65' title='bbox 1259 1087 1670 1166; x_wconf 84' lang='lat' dir='ltr'><strong>lacrimareque</strong></span> <span class='ocrx_word' id='word_1_66' title='bbox 1695 1096 1905 1165; x_wconf 88' lang='lat' dir='ltr'><strong>cogunt</strong></span> 
     </span>
    </p>

    <p class='ocr_par' dir='ltr' id='par_1_10' title="bbox 457 1170 1752 1251">
     <span class='ocr_line' id='line_1_12' title="bbox 457 1170 1752 1251; baseline -0.005 -17"><span class='ocrx_word' id='word_1_67' title='bbox 457 1183 550 1234; x_wconf 84' lang='lat' dir='ltr'><strong>aut</strong></span> <span class='ocrx_word' id='word_1_68' title='bbox 575 1172 746 1233; x_wconf 86' lang='lat' dir='ltr'><strong>foeda</strong></span> <span class='ocrx_word' id='word_1_69' title='bbox 770 1174 971 1251; x_wconf 91' lang='lat' dir='ltr'><strong>specie</strong></span> <span class='ocrx_word' id='word_1_70' title='bbox 1003 1170 1106 1232; x_wconf 88' lang='lat' dir='ltr'><strong>diri</strong></span> <span class='ocrx_word' id='word_1_71' title='bbox 1135 1182 1452 1251; x_wconf 86' lang='lat' dir='ltr'><strong>turpesque</strong></span> <span class='ocrx_word' id='word_1_72' title='bbox 1474 1172 1752 1231; x_wconf 87' lang='lat' dir='ltr'><strong>videntur.</strong></span> 
     </span>
    </p>

    <p class='ocr_par' dir='ltr' id='par_1_11' title="bbox 458 1254 2024 1334">
     <span class='ocr_line' id='line_1_13' title="bbox 458 1254 2024 1334; baseline -0.003 -17"><span class='ocrx_word' id='word_1_73' title='bbox 458 1257 637 1317; x_wconf 89' lang='lat' dir='ltr'><strong>omnis</strong></span> <span class='ocrx_word' id='word_1_74' title='bbox 666 1258 814 1315; x_wconf 86' lang='lat' dir='ltr'><strong>enim</strong></span> <span class='ocrx_word' id='word_1_75' title='bbox 830 1302 858 1333; x_wconf 23' lang='lat'><strong>‚⁴</strong></span> <span class='ocrx_word' id='word_1_76' title='bbox 881 1273 1086 1316; x_wconf 93' lang='lat' dir='ltr'><strong>sensus</strong></span> <span class='ocrx_word' id='word_1_77' title='bbox 1111 1273 1257 1334; x_wconf 89' lang='lat' dir='ltr'><strong>quae</strong></span> <span class='ocrx_word' id='word_1_78' title='bbox 1282 1254 1495 1316; x_wconf 87' lang='lat' dir='ltr'><strong>mulcet</strong></span> <span class='ocrx_word' id='word_1_79' title='bbox 1519 1274 1760 1333; x_wconf 90' lang='lat' dir='ltr'><strong>cumque</strong></span> <span class='ocrx_word' id='word_1_80' title='bbox 1777 1301 1795 1333; x_wconf 85' lang='lat'>‚</span> <span class='ocrx_word' id='word_1_81' title='bbox 1818 1254 2024 1333; x_wconf 63' lang='lat' dir='ltr'><strong>figura</strong></span> 
     </span>
    </p>

    <p class='ocr_par' dir='ltr' id='par_1_12' title="bbox 457 1338 1826 1419">
     <span class='ocr_line' id='line_1_14' title="bbox 457 1338 1826 1419; baseline -0.001 -19"><span class='ocrx_word' id='word_1_82' title='bbox 457 1342 591 1401; x_wconf 89' lang='lat' dir='ltr'><strong>haut</strong></span> <span class='ocrx_word' id='word_1_83' title='bbox 615 1342 738 1400; x_wconf 90' lang='lat' dir='ltr'><strong>sine</strong></span> <span class='ocrx_word' id='word_1_84' title='bbox 764 1338 1082 1419; x_wconf 89' lang='lat' dir='ltr'><strong>principiali</strong></span> <span class='ocrx_word' id='word_1_85' title='bbox 1104 1340 1296 1418; x_wconf 91' lang='lat' dir='ltr'><strong>aliquo</strong></span> <span class='ocrx_word' id='word_1_86' title='bbox 1321 1339 1521 1399; x_wconf 89' lang='lat' dir='ltr'><strong>levore</strong></span> <span class='ocrx_word' id='word_1_87' title='bbox 1551 1348 1826 1399; x_wconf 87' lang='lat' dir='ltr'><strong>creatast:</strong></span> 
     </span>
    </p>

    <p class='ocr_par' dir='ltr' id='par_1_13' title="bbox 331 1422 2133 1586">
     <span class='ocr_line' id='line_1_15' title="bbox 458 1422 2133 1502; baseline -0.002 -17"><span class='ocrx_word' id='word_1_88' title='bbox 458 1435 514 1485; x_wconf 89' lang='lat' dir='ltr'><strong>at</strong></span> <span class='ocrx_word' id='word_1_89' title='bbox 545 1434 738 1484; x_wconf 91' lang='lat' dir='ltr'><strong>contra</strong></span> <span class='ocrx_word' id='word_1_90' title='bbox 762 1441 1152 1502; x_wconf 87' lang='lat' dir='ltr'><strong>quaecumque</strong></span> <span class='ocrx_word' id='word_1_91' title='bbox 1179 1422 1421 1484; x_wconf 90' lang='lat' dir='ltr'><strong>molesta</strong></span> <span class='ocrx_word' id='word_1_92' title='bbox 1443 1433 1614 1502; x_wconf 87' lang='lat' dir='ltr'><strong>atque</strong></span> <span class='ocrx_word' id='word_1_93' title='bbox 1643 1440 1845 1501; x_wconf 71' lang='lat' dir='ltr'><strong>aspera</strong></span> <span class='ocrx_word' id='word_1_94' title='bbox 1875 1431 2133 1502; x_wconf 86' lang='lat' dir='ltr'><strong>constat,</strong></span> 
     </span>
     <span class='ocr_line' id='line_1_16' title="bbox 331 1506 1954 1586; baseline -0.002 -15"><span class='ocrx_word' id='word_1_95' title='bbox 331 1518 434 1571; x_wconf 81' lang='lat'><strong>425</strong></span> <span class='ocrx_word' id='word_1_96' title='bbox 459 1528 570 1569; x_wconf 91' lang='lat' dir='ltr'><strong>non</strong></span> <span class='ocrx_word' id='word_1_97' title='bbox 594 1507 785 1586; x_wconf 90' lang='lat' dir='ltr'><strong>aliquo</strong></span> <span class='ocrx_word' id='word_1_98' title='bbox 811 1509 934 1567; x_wconf 91' lang='lat' dir='ltr'><strong>sine</strong></span> <span class='ocrx_word' id='word_1_99' title='bbox 960 1510 1228 1567; x_wconf 86' lang='lat' dir='ltr'><strong>materiae</strong></span> <span class='ocrx_word' id='word_1_100' title='bbox 1258 1506 1527 1586; x_wconf 85' lang='lat' dir='ltr'><strong>squalore</strong></span> <span class='ocrx_word' id='word_1_101' title='bbox 1549 1515 1849 1585; x_wconf 85' lang='lat' dir='ltr'><strong>repertast.</strong></span> <span class='ocrx_word' id='word_1_102' title='bbox 1893 1560 1916 1577; x_wconf 20' lang='grc' dir='ltr'><strong>κ,</strong></span> <span class='ocrx_word' id='word_1_103' title='bbox 1951 1536 1954 1537; x_wconf 45' lang='grc'>’</span> 
     </span>
    </p>

    <p class='ocr_par' dir='ltr' id='par_1_14' title="bbox 459 1582 1886 1670">
     <span class='ocr_line' id='line_1_17' title="bbox 459 1582 1886 1670; baseline -0.004 -17"><span class='ocrx_word' id='word_1_104' title='bbox 459 1602 588 1654; x_wconf 86' lang='grc'>511111</span> <span class='ocrx_word' id='word_1_105' title='bbox 614 1594 780 1652; x_wconf 86' lang='grc'>5115111</span> <span class='ocrx_word' id='word_1_106' title='bbox 805 1609 948 1670; x_wconf 88' lang='lat' dir='ltr'><strong>quae</strong></span> <span class='ocrx_word' id='word_1_107' title='bbox 975 1592 1083 1649; x_wconf 87' lang='lat' dir='ltr'><strong>iam</strong></span> <span class='ocrx_word' id='word_1_108' title='bbox 1106 1610 1218 1650; x_wconf 91' lang='lat' dir='ltr'><strong>nec</strong></span> <span class='ocrx_word' id='word_1_109' title='bbox 1245 1590 1396 1651; x_wconf 88' lang='lat' dir='ltr'><strong>levia</strong></span> <span class='ocrx_word' id='word_1_110' title='bbox 1417 1593 1538 1651; x_wconf 89' lang='lat' dir='ltr'><strong>iure</strong></span> <span class='ocrx_word' id='word_1_111' title='bbox 1563 1600 1827 1670; x_wconf 84' lang='lat' dir='ltr'><strong>putantur</strong></span> <span class='ocrx_word' id='word_1_112' title='bbox 1847 1582 1886 1611; x_wconf 52' lang='lat' dir='ltr'><em>s</em></span> 
     </span>
    </p>

    <p class='ocr_par' dir='ltr' id='par_1_15' title="bbox 459 1675 1848 1755">
     <span class='ocr_line' id='line_1_18' title="bbox 459 1675 1848 1755; baseline -0.004 -17"><span class='ocrx_word' id='word_1_113' title='bbox 459 1696 593 1738; x_wconf 92' lang='lat' dir='ltr'><strong>esse</strong></span> <span class='ocrx_word' id='word_1_114' title='bbox 623 1695 812 1755; x_wconf 89' lang='lat' dir='ltr'><strong>neque</strong></span> <span class='ocrx_word' id='word_1_115' title='bbox 837 1677 1060 1734; x_wconf 89' lang='lat' dir='ltr'><strong>omnino</strong></span> <span class='ocrx_word' id='word_1_116' title='bbox 1090 1675 1255 1735; x_wconf 86' lang='lat' dir='ltr'><strong>flexis</strong></span> <span class='ocrx_word' id='word_1_117' title='bbox 1283 1676 1848 1750; x_wconf 85' lang='lat' dir='ltr'><strong>mucronibus-unca,</strong></span> 
     </span>
    </p>

    <p class='ocr_par' dir='ltr' id='par_1_16' title="bbox 457 1757 1906 1838">
     <span class='ocr_line' id='line_1_19' title="bbox 457 1757 1906 1838; baseline -0.003 -17"><span class='ocrx_word' id='word_1_118' title='bbox 457 1760 563 1821; x_wconf 90' lang='lat' dir='ltr'><strong>sed</strong></span> <span class='ocrx_word' id='word_1_119' title='bbox 583 1764 761 1836; x_wconf 88' lang='lat' dir='ltr'><strong>magis</strong></span> <span class='ocrx_word' id='word_1_120' title='bbox 785 1757 1026 1837; x_wconf 83' lang='lat' dir='ltr'><strong>angellis</strong></span> <span class='ocrx_word' id='word_1_121' title='bbox 1049 1759 1276 1838; x_wconf 87' lang='lat' dir='ltr'><strong>paulum</strong></span> <span class='ocrx_word' id='word_1_122' title='bbox 1299 1757 1684 1838; x_wconf 85' lang='lat' dir='ltr'><strong>prostantibus</strong></span> <span class='ocrx_word' id='word_1_123' title='bbox 1699 1805 1717 1837; x_wconf 86' lang='lat'>‚</span> <span class='ocrx_word' id='word_1_124' title='bbox 1742 1757 1906 1818; x_wconf 75' lang='lat' dir='ltr'><strong>unde</strong></span> 
     </span>
    </p>

    <p class='ocr_par' dir='ltr' id='par_1_17' title="bbox 329 1843 1974 2006">
     <span class='ocr_line' id='line_1_20' title="bbox 458 1843 1861 1923; baseline -0.003 -19"><span class='ocrx_word' id='word_1_125' title='bbox 458 1844 687 1905; x_wconf 88' lang='lat' dir='ltr'><strong>titillare</strong></span> <span class='ocrx_word' id='word_1_126' title='bbox 709 1845 887 1922; x_wconf 90' lang='lat' dir='ltr'><strong>magis</strong></span> <span class='ocrx_word' id='word_1_127' title='bbox 911 1861 1117 1904; x_wconf 88' lang='lat' dir='ltr'><strong>sensus</strong></span> <span class='ocrx_word' id='word_1_128' title='bbox 1146 1861 1310 1922; x_wconf 90' lang='lat' dir='ltr'><strong>quam</strong></span> <span class='ocrx_word' id='word_1_129' title='bbox 1335 1843 1566 1904; x_wconf 89' lang='lat' dir='ltr'><strong>laedere</strong></span> <span class='ocrx_word' id='word_1_130' title='bbox 1589 1851 1861 1923; x_wconf 82' lang='lat' dir='ltr'><strong>possunt3</strong></span> 
     </span>
     <span class='ocr_line' id='line_1_21' title="bbox 329 1927 1974 2006; baseline -0.004 -15"><span class='ocrx_word' id='word_1_131' title='bbox 329 1937 433 1991; x_wconf 77' lang='lat'><strong>430</strong></span> <span class='ocrx_word' id='word_1_132' title='bbox 459 1928 648 1988; x_wconf 83' lang='lat' dir='ltr'><strong>fecula</strong></span> <span class='ocrx_word' id='word_1_133' title='bbox 669 1929 777 1986; x_wconf 92' lang='lat' dir='ltr'><strong>iam</strong></span> <span class='ocrx_word' id='word_1_134' title='bbox 800 1945 912 2005; x_wconf 91' lang='lat' dir='ltr'><strong>quo</strong></span> <span class='ocrx_word' id='word_1_135' title='bbox 938 1927 1008 1987; x_wconf 90' lang='lat' dir='ltr'><strong>de</strong></span> <span class='ocrx_word' id='word_1_136' title='bbox 1031 1946 1248 2006; x_wconf 84' lang='lat' dir='ltr'><strong>genere</strong></span> <span class='ocrx_word' id='word_1_137' title='bbox 1274 1938 1365 1988; x_wconf 91' lang='lat' dir='ltr'><strong>est</strong></span> <span class='ocrx_word' id='word_1_138' title='bbox 1388 1927 1691 2006; x_wconf 87' lang='lat' dir='ltr'><strong>inulaeque</strong></span> <span class='ocrx_word' id='word_1_139' title='bbox 1717 1944 1974 2005; x_wconf 89' lang='lat' dir='ltr'><strong>sapores.</strong></span> 
     </span>
    </p>

    <p class='ocr_par' dir='ltr' id='par_1_18' title="bbox 460 2010 1920 2090">
     <span class='ocr_line' id='line_1_22' title="bbox 460 2010 1920 2090; baseline -0.003 -18"><span class='ocrx_word' id='word_1_140' title='bbox 460 2013 704 2089; x_wconf 88' lang='lat' dir='ltr'><strong>denique</strong></span> <span class='ocrx_word' id='word_1_141' title='bbox 730 2012 838 2070; x_wconf 90' lang='lat' dir='ltr'><strong>iam</strong></span> <span class='ocrx_word' id='word_1_142' title='bbox 864 2010 1077 2071; x_wconf 88' lang='lat' dir='ltr'><strong>calidos</strong></span> <span class='ocrx_word' id='word_1_143' title='bbox 1108 2014 1256 2090; x_wconf 88' lang='lat' dir='ltr'><strong>ignis</strong></span> <span class='ocrx_word' id='word_1_144' title='bbox 1285 2011 1644 2090; x_wconf 87' lang='lat' dir='ltr'><strong>gelidamque</strong></span> <span class='ocrx_word' id='word_1_145' title='bbox 1670 2013 1920 2090; x_wconf 91' lang='lat' dir='ltr'><strong>pruinam</strong></span> 
     </span>
    </p>

    <p class='ocr_par' dir='ltr' id='par_1_19' title="bbox 458 2094 1888 2175">
     <span class='ocr_line' id='line_1_23' title="bbox 458 2094 1888 2175; baseline 0 -20"><span class='ocrx_word' id='word_1_146' title='bbox 458 2094 712 2155; x_wconf 88' lang='lat' dir='ltr'><strong>dissimili</strong></span> <span class='ocrx_word' id='word_1_147' title='bbox 745 2095 970 2154; x_wconf 87' lang='lat' dir='ltr'><strong>dentata</strong></span> <span class='ocrx_word' id='word_1_148' title='bbox 996 2095 1163 2166; x_wconf 74' lang='lat' dir='ltr'><strong>modo</strong></span> <span class='ocrx_word' id='word_1_149' title='bbox 1197 2113 1569 2175; x_wconf 88' lang='lat' dir='ltr'><strong>conpungere</strong></span> <span class='ocrx_word' id='word_1_150' title='bbox 1593 2114 1798 2157; x_wconf 88' lang='grc'>55115115</span> <span class='ocrx_word' id='word_1_151' title='bbox 1879 2161 1888 2168; x_wconf 49' lang='grc'>,</span> 
     </span>
    </p>

    <p class='ocr_par' dir='ltr' id='par_1_20' title="bbox 462 2177 1796 2257">
     <span class='ocr_line' id='line_1_24' title="bbox 462 2177 1796 2257; baseline -0.001 -17"><span class='ocrx_word' id='word_1_152' title='bbox 462 2180 721 2257; x_wconf 91' lang='lat' dir='ltr'><strong>corporis</strong></span> <span class='ocrx_word' id='word_1_153' title='bbox 739 2224 757 2256; x_wconf 83' lang='lat'>‚</span> <span class='ocrx_word' id='word_1_154' title='bbox 781 2177 991 2237; x_wconf 88' lang='lat' dir='ltr'><strong>indicio</strong></span> <span class='ocrx_word' id='word_1_155' title='bbox 1016 2179 1181 2239; x_wconf 88' lang='lat' dir='ltr'><strong>nobis</strong></span> <span class='ocrx_word' id='word_1_156' title='bbox 1208 2189 1298 2240; x_wconf 87' lang='lat' dir='ltr'><strong>est</strong></span> <span class='ocrx_word' id='word_1_157' title='bbox 1326 2188 1511 2239; x_wconf 85' lang='lat' dir='ltr'><strong>tactus</strong></span> <span class='ocrx_word' id='word_1_158' title='bbox 1535 2189 1796 2257; x_wconf 91' lang='lat' dir='ltr'><strong>uterque.</strong></span> 
     </span>
    </p>

    <p class='ocr_par' dir='ltr' id='par_1_21' title="bbox 331 2263 1972 2426">
     <span class='ocr_line' id='line_1_25' title="bbox 456 2263 1972 2341; baseline -0.003 -17"><span class='ocrx_word' id='word_1_159' title='bbox 456 2271 642 2324; x_wconf 89' lang='lat' dir='ltr'><strong>tactus</strong></span> <span class='ocrx_word' id='word_1_160' title='bbox 665 2264 844 2339; x_wconf 89' lang='lat' dir='ltr'><strong>enim,</strong></span> <span class='ocrx_word' id='word_1_161' title='bbox 873 2271 1058 2322; x_wconf 87' lang='lat' dir='ltr'><strong>tactus</strong></span> <span class='ocrx_word' id='word_1_162' title='bbox 1075 2308 1092 2339; x_wconf 82' lang='lat'>‚</span> <span class='ocrx_word' id='word_1_163' title='bbox 1120 2281 1261 2341; x_wconf 84' lang='lat' dir='ltr'><strong>pro,</strong></span> <span class='ocrx_word' id='word_1_164' title='bbox 1291 2263 1477 2322; x_wconf 83' lang='lat' dir='ltr'><strong>divum</strong></span> <span class='ocrx_word' id='word_1_165' title='bbox 1500 2265 1720 2322; x_wconf 90' lang='lat' dir='ltr'><strong>numina</strong></span> <span class='ocrx_word' id='word_1_166' title='bbox 1748 2269 1972 2339; x_wconf 80' lang='lat' dir='ltr'><strong>sancta,</strong></span> 
     </span>
     <span class='ocr_line' id='line_1_26' title="bbox 331 2346 1878 2426; baseline -0.004 -16"><span class='ocrx_word' id='word_1_167' title='bbox 331 2356 434 2410; x_wconf 79' lang='lat'><strong>435</strong></span> <span class='ocrx_word' id='word_1_168' title='bbox 460 2348 720 2426; x_wconf 89' lang='lat' dir='ltr'><strong>corporis</strong></span> <span class='ocrx_word' id='word_1_169' title='bbox 748 2356 840 2406; x_wconf 86' lang='lat' dir='ltr'><strong>est</strong></span> <span class='ocrx_word' id='word_1_170' title='bbox 867 2364 1073 2406; x_wconf 91' lang='lat' dir='ltr'><strong>sensus</strong></span> <span class='ocrx_word' id='word_1_171' title='bbox 1089 2390 1106 2422; x_wconf 86' lang='lat'>‚</span> <span class='ocrx_word' id='word_1_172' title='bbox 1130 2346 1228 2406; x_wconf 85' lang='lat' dir='ltr'><strong>vel</strong></span> <span class='ocrx_word' id='word_1_173' title='bbox 1252 2364 1381 2418; x_wconf 80' lang='lat' dir='ltr'><strong>cum</strong></span> <span class='ocrx_word' id='word_1_174' title='bbox 1402 2366 1499 2407; x_wconf 93' lang='lat' dir='ltr'><strong>res</strong></span> <span class='ocrx_word' id='word_1_175' title='bbox 1524 2356 1721 2407; x_wconf 86' lang='lat' dir='ltr'><strong>extera</strong></span> <span class='ocrx_word' id='word_1_176' title='bbox 1744 2364 1878 2408; x_wconf 88' lang='lat' dir='ltr'><strong>sese</strong></span> 
     </span>
    </p>

    <p class='ocr_par' dir='ltr' id='par_1_22' title="bbox 456 2428 1942 2510">
     <span class='ocr_line' id='line_1_27' title="bbox 456 2428 1942 2510; baseline -0.001 -20"><span class='ocrx_word' id='word_1_177' title='bbox 456 2432 732 2507; x_wconf 79' lang='lat' dir='ltr'><strong>insinuat,</strong></span> <span class='ocrx_word' id='word_1_178' title='bbox 759 2428 856 2489; x_wconf 87' lang='lat' dir='ltr'><strong>vel</strong></span> <span class='ocrx_word' id='word_1_179' title='bbox 881 2447 1007 2490; x_wconf 91' lang='lat' dir='ltr'><strong>cum</strong></span> <span class='ocrx_word' id='word_1_180' title='bbox 1033 2429 1208 2489; x_wconf 88' lang='lat' dir='ltr'><strong>laedit</strong></span> <span class='ocrx_word' id='word_1_181' title='bbox 1238 2431 1462 2509; x_wconf 87' lang='lat' dir='ltr'><strong>quaein</strong></span> <span class='ocrx_word' id='word_1_182' title='bbox 1494 2448 1737 2510; x_wconf 89' lang='lat' dir='ltr'><strong>corpore</strong></span> <span class='ocrx_word' id='word_1_183' title='bbox 1760 2437 1942 2489; x_wconf 88' lang='lat' dir='ltr'><strong>natast</strong></span> 
     </span>
    </p>

    <p class='ocr_par' dir='ltr' id='par_1_23' title="bbox 458 2512 1893 2593">
     <span class='ocr_line' id='line_1_28' title="bbox 458 2512 1893 2593; baseline -0.002 -19"><span class='ocrx_word' id='word_1_184' title='bbox 458 2523 552 2574; x_wconf 85' lang='lat' dir='ltr'><strong>aut</strong></span> <span class='ocrx_word' id='word_1_185' title='bbox 574 2515 726 2573; x_wconf 85' lang='lat' dir='ltr'><strong>iuvat</strong></span> <span class='ocrx_word' id='word_1_186' title='bbox 756 2512 1061 2590; x_wconf 81' lang='lat' dir='ltr'><strong>egrediens</strong></span> <span class='ocrx_word' id='word_1_187' title='bbox 1090 2516 1355 2592; x_wconf 90' lang='lat' dir='ltr'><strong>genitalis</strong></span> <span class='ocrx_word' id='word_1_188' title='bbox 1378 2533 1486 2593; x_wconf 93' lang='lat' dir='ltr'><strong>per</strong></span> <span class='ocrx_word' id='word_1_189' title='bbox 1510 2514 1756 2575; x_wconf 88' lang='lat' dir='ltr'><strong>Veneris</strong></span> <span class='ocrx_word' id='word_1_190' title='bbox 1779 2532 1893 2574; x_wconf 97' lang='grc'>155.</span> 
     </span>
    </p>

    <p class='ocr_par' dir='ltr' id='par_1_24' title="bbox 459 2597 1885 2676">
     <span class='ocr_line' id='line_1_29' title="bbox 459 2597 1885 2676; baseline -0.001 -19"><span class='ocrx_word' id='word_1_191' title='bbox 459 2607 629 2676; x_wconf 86' lang='lat' dir='ltr'><strong>atque</strong></span> <span class='ocrx_word' id='word_1_192' title='bbox 662 2615 734 2657; x_wconf 85' lang='lat' dir='ltr'><strong>ex</strong></span> <span class='ocrx_word' id='word_1_193' title='bbox 759 2597 982 2657; x_wconf 85' lang='lat' dir='ltr'><strong>offensu</strong></span> <span class='ocrx_word' id='word_1_194' title='bbox 1006 2614 1133 2656; x_wconf 90' lang='lat' dir='ltr'><strong>cum</strong></span> <span class='ocrx_word' id='word_1_195' title='bbox 1154 2598 1378 2659; x_wconf 85' lang='lat' dir='ltr'><strong>turbant</strong></span> <span class='ocrx_word' id='word_1_196' title='bbox 1402 2615 1647 2676; x_wconf 91' lang='lat' dir='ltr'><strong>corpore</strong></span> <span class='ocrx_word' id='word_1_197' title='bbox 1676 2600 1732 2657; x_wconf 91' lang='grc'><strong>111</strong></span> <span class='ocrx_word' id='word_1_198' title='bbox 1756 2598 1885 2676; x_wconf 87' lang='lat' dir='ltr'><strong>ipso</strong></span> 
     </span>
    </p>

    <p class='ocr_par' dir='ltr' id='par_1_25' title="bbox 330 2680 1877 2845">
     <span class='ocr_line' id='line_1_30' title="bbox 459 2680 1877 2758; baseline -0.002 -16"><span class='ocrx_word' id='word_1_199' title='bbox 459 2681 672 2742; x_wconf 90' lang='lat' dir='ltr'><strong>semina</strong></span> <span class='ocrx_word' id='word_1_200' title='bbox 688 2726 706 2758; x_wconf 83' lang='lat'>‚</span> <span class='ocrx_word' id='word_1_201' title='bbox 738 2680 1086 2741; x_wconf 80' lang='lat' dir='ltr'><strong>confundunt</strong></span> <span class='ocrx_word' id='word_1_202' title='bbox 1108 2683 1256 2741; x_wconf 87' lang='lat' dir='ltr'><strong>inter</strong></span> <span class='ocrx_word' id='word_1_203' title='bbox 1278 2702 1345 2743; x_wconf 93' lang='lat' dir='ltr'><strong>se</strong></span> <span class='ocrx_word' id='word_1_204' title='bbox 1372 2684 1596 2743; x_wconf 83' lang='lat' dir='ltr'><strong>concita</strong></span> <span class='ocrx_word' id='word_1_205' title='bbox 1618 2699 1877 2750; x_wconf 67' lang='lat' dir='ltr'><strong>sensum</strong></span> 
     </span>
     <span class='ocr_line' id='line_1_31' title="bbox 330 2764 1794 2845; baseline -0.003 -17"><span class='ocrx_word' id='word_1_206' title='bbox 330 2772 437 2828; x_wconf 74' lang='lat'><strong>440</strong></span> <span class='ocrx_word' id='word_1_207' title='bbox 459 2773 519 2825; x_wconf 87' lang='lat' dir='ltr'><strong>ut</strong></span> <span class='ocrx_word' id='word_1_208' title='bbox 545 2765 593 2825; x_wconf 91' lang='lat' dir='ltr'><strong>si</strong></span> <span class='ocrx_word' id='word_1_209' title='bbox 617 2764 766 2825; x_wconf 83' lang='lat' dir='ltr'><strong>forte</strong></span> <span class='ocrx_word' id='word_1_210' title='bbox 787 2782 951 2825; x_wconf 86' lang='lat' dir='ltr'><strong>manu</strong></span> <span class='ocrx_word' id='word_1_211' title='bbox 978 2767 1228 2843; x_wconf 85' lang='lat' dir='ltr'><strong>quamvis</strong></span> <span class='ocrx_word' id='word_1_212' title='bbox 1252 2766 1360 2826; x_wconf 86' lang='lat' dir='ltr'><strong>iam</strong></span> <span class='ocrx_word' id='word_1_213' title='bbox 1383 2767 1643 2845; x_wconf 90' lang='lat' dir='ltr'><strong>corporis</strong></span> <span class='ocrx_word' id='word_1_214' title='bbox 1665 2768 1794 2838; x_wconf 87' lang='lat' dir='ltr'><strong>ipse</strong></span> 
     </span>
    </p>

    <p class='ocr_par' dir='ltr' id='par_1_26' title="bbox 459 2847 1682 2930">
     <span class='ocr_line' id='line_1_32' title="bbox 459 2847 1682 2930; baseline -0.002 -20"><span class='ocrx_word' id='word_1_215' title='bbox 459 2858 580 2910; x_wconf 89' lang='lat' dir='ltr'><strong>tute</strong></span> <span class='ocrx_word' id='word_1_216' title='bbox 604 2849 706 2909; x_wconf 88' lang='lat' dir='ltr'><strong>tibi</strong></span> <span class='ocrx_word' id='word_1_217' title='bbox 732 2858 948 2928; x_wconf 85' lang='lat' dir='ltr'><strong>partem</strong></span> <span class='ocrx_word' id='word_1_218' title='bbox 973 2847 1145 2909; x_wconf 81' lang='lat' dir='ltr'><strong>ferias</strong></span> <span class='ocrx_word' id='word_1_219' title='bbox 1168 2858 1340 2930; x_wconf 83' lang='lat' dir='ltr'><strong>atque</strong></span> <span class='ocrx_word' id='word_1_220' title='bbox 1365 2852 1682 2929; x_wconf 84' lang='lat' dir='ltr'><strong>experiare.</strong></span> 
     </span>
    </p>

    <p class='ocr_par' dir='ltr' id='par_1_27' title="bbox 463 2932 1825 3012">
     <span class='ocr_line' id='line_1_33' title="bbox 463 2932 1825 3012; baseline -0.001 -19"><span class='ocrx_word' id='word_1_221' title='bbox 463 2950 572 3012; x_wconf 87' lang='lat' dir='ltr'><strong>qua</strong></span> <span class='ocrx_word' id='word_1_222' title='bbox 593 2944 833 3012; x_wconf 87' lang='lat' dir='ltr'><strong>propter</strong></span> <span class='ocrx_word' id='word_1_223' title='bbox 854 2932 1029 3012; x_wconf 89' lang='lat' dir='ltr'><strong>longe</strong></span> <span class='ocrx_word' id='word_1_224' title='bbox 1052 2933 1261 2994; x_wconf 80' lang='lat' dir='ltr'><strong>formas</strong></span> <span class='ocrx_word' id='word_1_225' title='bbox 1285 2932 1494 2995; x_wconf 85' lang='lat' dir='ltr'><strong>distare</strong></span> <span class='ocrx_word' id='word_1_226' title='bbox 1519 2941 1825 2994; x_wconf 87' lang='lat' dir='ltr'><strong>necessest</strong></span> 
     </span>
    </p>

    <p class='ocr_par' dir='ltr' id='par_1_28' title="bbox 460 3016 1876 3096">
     <span class='ocr_line' id='line_1_34' title="bbox 460 3016 1876 3096; baseline -0.001 -20"><span class='ocrx_word' id='word_1_227' title='bbox 460 3017 788 3096; x_wconf 86' lang='lat' dir='ltr'><strong>principiis,</strong></span> <span class='ocrx_word' id='word_1_228' title='bbox 815 3020 1002 3077; x_wconf 79' lang='lat' dir='ltr'><strong>varios</strong></span> <span class='ocrx_word' id='word_1_229' title='bbox 1028 3035 1173 3096; x_wconf 85' lang='lat' dir='ltr'><strong>quae</strong></span> <span class='ocrx_word' id='word_1_230' title='bbox 1202 3021 1427 3096; x_wconf 89' lang='lat' dir='ltr'><strong>possint</strong></span> <span class='ocrx_word' id='word_1_231' title='bbox 1450 3016 1626 3078; x_wconf 86' lang='lat' dir='ltr'><strong>edere</strong></span> <span class='ocrx_word' id='word_1_232' title='bbox 1651 3033 1876 3078; x_wconf 88' lang='lat' dir='ltr'><strong>sensus.</strong></span> 
     </span>
    </p>

    <p class='ocr_par' dir='ltr' id='par_1_29' title="bbox 544 3098 2018 3180">
     <span class='ocr_line' id='line_1_35' title="bbox 544 3098 2018 3180; baseline -0.001 -22"><span class='ocrx_word' id='word_1_233' title='bbox 544 3099 805 3178; x_wconf 90' lang='lat' dir='ltr'><strong>Denique</strong></span> <span class='ocrx_word' id='word_1_234' title='bbox 833 3117 977 3177; x_wconf 90' lang='lat' dir='ltr'><strong>quae</strong></span> <span class='ocrx_word' id='word_1_235' title='bbox 999 3098 1167 3161; x_wconf 91' lang='lat' dir='ltr'><strong>nobis</strong></span> <span class='ocrx_word' id='word_1_236' title='bbox 1195 3101 1390 3163; x_wconf 86' lang='lat' dir='ltr'><strong>durata</strong></span> <span class='ocrx_word' id='word_1_237' title='bbox 1415 3120 1483 3162; x_wconf 88' lang='lat' dir='ltr'><strong>ac</strong></span> <span class='ocrx_word' id='word_1_238' title='bbox 1512 3102 1700 3180; x_wconf 89' lang='lat' dir='ltr'><strong>spissa</strong></span> <span class='ocrx_word' id='word_1_239' title='bbox 1722 3099 2018 3178; x_wconf 83' lang='lat' dir='ltr'><strong>videntur,</strong></span> 
     </span>
    </p>

    <p class='ocr_par' dir='ltr' id='par_1_30' title="bbox 333 3181 1883 3258">
     <span class='ocr_line' id='line_1_36' title="bbox 333 3181 1883 3258; baseline 0.001 -16"><span class='ocrx_word' id='word_1_240' title='bbox 333 3189 436 3242; x_wconf 74' lang='lat'><strong>445</strong></span> <span class='ocrx_word' id='word_1_241' title='bbox 460 3181 605 3241; x_wconf 88' lang='lat' dir='ltr'><strong>haec</strong></span> <span class='ocrx_word' id='word_1_242' title='bbox 632 3183 809 3258; x_wconf 90' lang='lat' dir='ltr'><strong>magis</strong></span> <span class='ocrx_word' id='word_1_243' title='bbox 832 3181 1064 3244; x_wconf 87' lang='lat' dir='ltr'><strong>hamatis</strong></span> <span class='ocrx_word' id='word_1_244' title='bbox 1090 3186 1240 3245; x_wconf 87' lang='lat' dir='ltr'><strong>inter</strong></span> <span class='ocrx_word' id='word_1_245' title='bbox 1262 3204 1396 3246; x_wconf 90' lang='lat' dir='ltr'><strong>sese</strong></span> <span class='ocrx_word' id='word_1_246' title='bbox 1421 3204 1556 3245; x_wconf 90' lang='lat' dir='ltr'><strong>esse</strong></span> <span class='ocrx_word' id='word_1_247' title='bbox 1576 3192 1883 3246; x_wconf 87' lang='lat' dir='ltr'><strong>necessest</strong></span> 
     </span>
    </p>

    <p class='ocr_par' dir='ltr' id='par_1_31' title="bbox 465 3266 1655 3347">
     <span class='ocr_line' id='line_1_37' title="bbox 465 3266 1655 3347; baseline 0.002 -23"><span class='ocrx_word' id='word_1_248' title='bbox 465 3272 524 3324; x_wconf 90' lang='lat' dir='ltr'><strong>et</strong></span> <span class='ocrx_word' id='word_1_249' title='bbox 547 3266 705 3342; x_wconf 87' lang='lat' dir='ltr'><strong>quasi</strong></span> <span class='ocrx_word' id='word_1_250' title='bbox 728 3267 964 3327; x_wconf 86' lang='lat' dir='ltr'><strong>ramosis</strong></span> <span class='ocrx_word' id='word_1_251' title='bbox 993 3267 1105 3328; x_wconf 89' lang='grc'>5115</span> <span class='ocrx_word' id='word_1_252' title='bbox 1132 3278 1426 3347; x_wconf 87' lang='lat' dir='ltr'><strong>compacta</strong></span> <span class='ocrx_word' id='word_1_253' title='bbox 1453 3268 1655 3328; x_wconf 88' lang='lat' dir='ltr'><strong>teneri.</strong></span> 
     </span>
    </p>

    <p class='ocr_par' dir='ltr' id='par_1_32' title="bbox 462 3347 1850 3430">
     <span class='ocr_line' id='line_1_38' title="bbox 462 3347 1850 3430; baseline 0.004 -28"><span class='ocrx_word' id='word_1_254' title='bbox 462 3347 518 3403; x_wconf 91' lang='lat' dir='ltr'><strong>in</strong></span> <span class='ocrx_word' id='word_1_255' title='bbox 543 3362 655 3423; x_wconf 90' lang='lat' dir='ltr'><strong>quo</strong></span> <span class='ocrx_word' id='word_1_256' title='bbox 683 3347 790 3407; x_wconf 90' lang='lat' dir='ltr'><strong>iam</strong></span> <span class='ocrx_word' id='word_1_257' title='bbox 810 3364 1028 3425; x_wconf 84' lang='lat' dir='ltr'><strong>genero</strong></span> <span class='ocrx_word' id='word_1_258' title='bbox 1052 3352 1110 3409; x_wconf 89' lang='lat' dir='ltr'><strong>in</strong></span> <span class='ocrx_word' id='word_1_259' title='bbox 1130 3353 1324 3430; x_wconf 91' lang='lat' dir='ltr'><strong>primis</strong></span> <span class='ocrx_word' id='word_1_260' title='bbox 1348 3350 1694 3411; x_wconf 82' lang='lat' dir='ltr'><strong>adamantina</strong></span> <span class='ocrx_word' id='word_1_261' title='bbox 1716 3366 1850 3409; x_wconf 86' lang='lat' dir='ltr'><strong>saxa</strong></span> 
     </span>
    </p>

    <p class='ocr_par' dir='ltr' id='par_1_33' title="bbox 461 3429 1901 3511">
     <span class='ocr_line' id='line_1_39' title="bbox 461 3429 1901 3511; baseline 0.004 -27"><span class='ocrx_word' id='word_1_262' title='bbox 461 3429 636 3505; x_wconf 87' lang='lat' dir='ltr'><strong>prima</strong></span> <span class='ocrx_word' id='word_1_263' title='bbox 664 3431 787 3489; x_wconf 87' lang='lat' dir='ltr'><strong>acie</strong></span> <span class='ocrx_word' id='word_1_264' title='bbox 812 3440 1070 3491; x_wconf 87' lang='lat' dir='ltr'><strong>constant</strong></span> <span class='ocrx_word' id='word_1_265' title='bbox 1087 3477 1105 3511; x_wconf 87' lang='lat'>,</span> <span class='ocrx_word' id='word_1_266' title='bbox 1130 3435 1280 3495; x_wconf 82' lang='lat' dir='ltr'><strong>ictus</strong></span> <span class='ocrx_word' id='word_1_267' title='bbox 1308 3442 1672 3495; x_wconf 88' lang='lat' dir='ltr'><strong>contemnere</strong></span> <span class='ocrx_word' id='word_1_268' title='bbox 1703 3441 1866 3493; x_wconf 85' lang='lat' dir='ltr'><strong>sueta</strong></span> <span class='ocrx_word' id='word_1_269' title='bbox 1884 3476 1901 3509; x_wconf 89' lang='lat'>‚</span> 
     </span>
    </p>
   </div>
   <div class='ocr_carea' id='block_1_3' title="bbox 2061 1830 2086 1845">
    <p class='ocr_par' dir='ltr' id='par_1_34' title="bbox 2061 1830 2086 1845">
     <span class='ocr_line' id='line_1_40' title="bbox 2061 1830 2086 1845; baseline 0 -2"><span class='ocrx_word' id='word_1_270' title='bbox 2061 1830 2086 1845; x_wconf 64' lang='lat' dir='ltr'><strong>a*</strong></span> 
     </span>
    </p>
   </div>
  </div>
 </body>
</html>
