2409 3825
701 196 821 246 vu.
878 196 1315 249 ALCIBIADES.
1360 194 1410 246 ὅ.
1454 196 1506 246 6.
1982 186 2069 253 27

136 329 406 398 Samum
462 331 810 397 exercitum
865 332 1172 416 habebat,
1226 355 1345 418 per
1384 334 1817 401 internuntios
1870 337 2068 404 eollo·

135 416 362 500 quitur
382 419 471 481 et
512 415 608 481 de,
630 415 840 480 reditu
882 436 1000 482 suo
1028 416 1187 482 facit
1228 419 1642 487 mentionem.
1712 423 1851 485 erat
1891 422 2067 487 enim

135 500 366 565 eodem
410 521 538 585 quo
582 498 948 565 Alcibiades
991 522 1211 586 sensu,
1267 502 1495 586 populi
1548 505 1876 587 potentiae
1929 527 2067 570 non

132 584 381 663 amicus
424 587 491 649 et
519 606 557 649 o
605 584 928 650 timatium
953 584 1187 650 fautor.
1261 588 1344 651 ab
1386 587 1511 653 hoc
1553 588 1894 653 destitutus
1934 590 2063 672 pri-
2090 603 2127 653 4

132 690 316 733 mum
379 689 498 751 per
555 606 1029 752 ghrasybulum
1039 718 1058 752 ,
1120 668 1280 753 Lyci
1344 670 1549 736 filium
1559 719 1579 754 ,
1635 672 1718 735 ab
1781 675 2068 739 exercitu

132 752 447 835 recipitur
494 755 879 836 praetorque
935 753 1011 817 fit
1064 753 1236 837 apud
1290 751 1581 838 Samum,
1644 758 1792 839 post
1845 757 2069 822 suffr-ae

134 840 334 921 gante
363 835 760 917 Theramene
788 837 1014 920 populi
1053 837 1215 902 scito
1259 839 1620 904 restituitur
1646 840 1917 924 parique
1958 841 2068 906 ab-

131 920 567 1069 noemmimffii
569 941 608 986 ⁰
708 920 1031 1070 ῗι-ΞἙἫ
1085 921 2067 1088 ῗῇἓέῑέῗῃιῖὴὲῗέξῗᾷἐέ
2089 1021 2123 1072 ⁵
2170 1022 2180 1041 .

132 1109 354 1154 rerum
392 1087 566 1153 facta
609 1092 735 1172 est,
789 1092 886 1153 ut.
912 1084 1432 1176 Lacedaemonii,
1497 1091 1610 1175 qui
1662 1092 1856 1176 paulo
1911 1097 2063 1158 ante
2168 1077 2178 1118 ²

132 1173 412 1238 victores
455 1172 825 1258 viguerant,
879 1173 1204 1258 perterriti
1244 1195 1468 1257 pacem
1508 1179 1819 1259 peterent.
1908 1178 2066 1245 victi

129 1257 313 1321 enim
355 1260 540 1322 erant
580 1258 866 1341 quinque
952 1256 1170 1322 roeliis
1212 1259 1650 1342 terrestribus,
1703 1261 1909 1325 tribus
1951 1283 2064 1325 na-

131 1341 388 1406 valibus
399 1390 418 1423 ,
471 1341 544 1405 in
598 1341 829 1425 quibus
927 1345 1189 1406 ucentas
1246 1363 1443 1420 naves
1498 1343 1788 1408 triremes
1841 1345 2067 1409 amise-

131 1429 314 1508 rant,
413 1446 534 1490 uae
576 1429 800 1509 captae
854 1424 926 1490 in
977 1425 1264 1490 hostium
1305 1431 1618 1491 venerant
1656 1430 2059 1511 potestatem.

132 1446 502 1574 Alcibiaqdes
544 1508 734 1574 simul
778 1529 924 1574 cum
951 1509 1216 1595 collegis
1243 1514 1572 1594 receperat
1596 1510 1866 1594 Ioniam,
1909 1511 2061 1603 Hel·
2089 1523 2124 1572 6
2166 1576 2176 1589 ⁴

131 1594 524 1685 leqpontzim,
568 1592 801 1658 multas
842 1597 1174 1691 praeterea
1213 1586 1402 1660 urbes
1447 1593 1741 1678 Graecas,
1787 1616 1949 1679 quae
1993 1597 2066 1661 in

134 1699 250 1743 ora
313 1679 478 1745 sitae
540 1681 696 1742 sunt
758 1680 980 1762 Asiae,
1055 1699 1328 1763 quarum
1397 1683 1843 1763 expugnarant
1895 1700 2065 1744 com-

130 1763 371 1846 plures,
415 1762 488 1827 in
529 1760 631 1826 his
674 1760 1077 1846 Byzantium,
1123 1782 1333 1846 neque
1375 1762 1588 1826 minus
1629 1762 1864 1828 multas
1912 1784 2064 1831 con-

133 1846 280 1912 silio
326 1844 410 1910 ad
450 1845 798 1912 amicitiam
840 1846 1294 1929 adiunxerant,
1331 1847 1513 1931 'quod
1560 1847 1633 1913 in
1674 1850 1896 1932 captos
1937 1847 2060 1915 cle-

132 1931 381 1997 mentia
431 1931 692 1998 fuerant
741 1931 860 1996 usi.
947 1931 1040 1997 ita
1082 1931 1319 2016 praeda
1361 1932 1608 2016 onusti,
1661 1931 2053 2017 locupletato
2086 1944 2119 1993 ’τ

30 2055 31 2058 =
133 2016 449 2101 exercitu,
492 2015 786 2081 maximis
829 2017 1019 2082 rebus
1061 2016 1261 2101 gestis
1301 2015 1594 2082 Athenas
1642 2022 1975 2083 venerunt.

302 2098 428 2164 His
480 2122 627 2165 cum
680 2100 936 2165 obviam
1003 2101 1304 2164 universa
1357 2100 1581 2165 civitas
1636 2102 1707 2165 in
1760 2100 2059 2166 Piraeum
2092 2100 2136 2165 6
2188 2121 2252 2168 μ

134 2168 641 2269 descendisse?
649 2188 835 2251 tanta
880 2184 1008 2249 fuit
1049 2185 1338 2249 omnium
1381 2206 1491 2250 exs
1537 2185 1770 2251 ectatio
1814 2186 2063 2252 visendi

132 2269 520 2353 Alcibiadis,
573 2270 649 2334 ut
699 2269 782 2333 ad
837 2268 973 2334 eius
1025 2269 1352 2335 triremem
1516 2290 1637 2368 gus
1692 2270 2060 2356 conflueret,

130 2353 407 2442 proinde
447 2374 524 2419 ac
564 2353 622 2419 si
664 2353 840 2419 solus
870 2352 1249 2421 advenisset.
1321 2353 1414 2419 sic
1444 2376 1618 2420 emm
1650 2355 1891 2440 populo
1923 2358 2060 2421 erat
2085 2370 2121 2419 a

131 2457 540 2524 persuasum,
592 2441 658 2502 et
698 2437 996 2502 adversas
1038 2439 1397 2521 superiores
1454 2429 1519 2503 et
1559 2443 1924 2523 praesentes
1968 2461 2063 2504 se-

30 2571 33 2576 ·
133 2521 378 2589 cundas
431 2543 534 2587 res
575 2520 878 2587 accidisse
923 2522 1059 2587 eius
1104 2543 1317 2605 opera.
1407 2522 1624 2605 itaque
1668 2527 1736 2587 et
1777 2519 2063 2588 Siciliam

133 2607 437 2672 amissam
491 2610 557 2672 et
594 2605 1248 2672 Lacedaemoniorum
1290 2605 1591 2672 victorias
1643 2606 1867 2689 culpae
1910 2627 2063 2672 suae

29 2693 37 2746 1'
129 2691 523 2773 tribuebant,
569 2689 741 2774 quod
779 2690 976 2754 talem
1022 2689 1230 2753 virum
1273 2709 1308 2753 e
1349 2688 1606 2753 civitate
1651 2689 2063 2772 expulissent.

131 2796 344 2860 neque
388 2774 455 2839 id
498 2774 636 2838 sine
680 2795 872 2839 eausa
912 2773 1209 2839 arbitrari
1237 2772 1637 2839 videbantur.
1709 2794 1861 2837 nam
1889 2777 2063 2858 post-

129 2881 330 3009 3:¹22?
348 2858 1010 3026 ifffsstss‘ssstssiarssssoessssg
1039 2857 2060 3008 ⁰⁰35353523²0q¹1330¹⁵⁶3²0¹¹22¹3
2084 2928 2144 3005 ς

60 3095 63 3096 ff
132 3029 606 3177 {ffffimreeffiz
631 3046 1069 3195 qffifflffit
1120 3021 2063 3195 sffiffifflfflufflff

30 3247 31 3250 η
130 3217 354 3261 raeum
366 3243 387 3279 ,
439 3198 660 3259 tamen
714 3216 914 3259 unum
970 3216 1190 3260 omnes
1248 3194 1434 3262 illum
1489 3193 2061 3279 prosequebantur,

130 3283 214 3363 et,
256 3278 327 3345 id
372 3278 546 3363 quod
587 3287 940 3363 numquam
981 3283 1172 3345 antea
1213 3299 1335 3344 usu
1376 3283 1642 3343 venerat
1682 3278 1809 3343 nisi
1846 3276 2061 3362 Olym-

30 3359 33 3380 '
128 3364 275 3449 piae
317 3361 690 3447 victoribuS,
736 3362 990 3427 coronis
1033 3362 1267 3428 laureis
1310 3361 1666 3446 taeniisque
1709 3361 1909 3445 vulgo
1951 3361 2062 3425 do-

128 3449 425 3515 nabatur.
498 3446 608 3513 ille
652 3443 1013 3514 lacrumans
1054 3445 1252 3512 talem
1278 3445 1780 3512 benivolentiam
1822 3442 2060 3507 civium
