2409 3825
198 261 285 324 62
1157 258 1243 318 111

370 437 428 489 et
454 446 581 488 cum
607 436 862 505 tempora
890 427 1244 505 temporibus
1270 428 1592 505 praesentia
1625 428 1848 489 confert

367 513 693 592 praeteritis
710 557 727 588 ,
754 510 942 570 laudat
973 510 1228 571 fortunas
1254 529 1433 590 saepe
1457 513 1731 590 parentis.

367 598 544 656 tristis
570 598 705 655 item
727 593 956 661 vetulae
980 595 1109 655 vitis
1135 605 1292 655 sator
1320 604 1490 673 atque
1515 597 1703 655 vietae

365 681 641 759 temporis
665 680 886 739 incusat
913 696 1139 739 momen
1155 724 1173 755 ,
1209 678 1547 757 caelumque
1572 679 1803 757 fatigat,

199 772 335 830 1170
363 775 421 824 et
447 773 677 843 crepat,
703 764 990 840 antiquum
1013 781 1196 839 genus
1223 773 1283 823 ut
1305 765 1518 841 pietate
1543 762 1824 842 repletum

362 847 642 927 perfacile
665 849 922 923 angustis
947 844 1203 906 tolerarit
1228 847 1430 907 finibus
1455 865 1658 907 aevom
1676 894 1693 923 ‚

365 950 492 992 cum
514 933 695 989 minor
720 940 879 990 esset
904 932 1025 1007 agri
1047 929 1224 990 multo
1248 931 1447 991 modus
1483 939 1613 990 ante
1637 932 1869 1000 viritim:

360 1033 472 1075 nec
495 1024 652 1074 tenet
679 1015 864 1074 omnia
887 1013 1155 1092 paulatim
1180 1015 1485 1075 tabescere
1512 1024 1570 1076 et
1591 1017 1675 1074 ire

365 1098 435 1158 ad
459 1097 718 1177 capulum
736 1143 754 1177 ,
781 1099 967 1177 spatio
990 1100 1189 1159 aetatis
1216 1097 1447 1159 defessa
1469 1108 1716 1159 vetusto.

684 1517 760 1609 'l'-
834 1512 1362 1608 tUcRE'rl
1446 1515 1722 1609 cstltl

350 1685 538 1799 Μ]
653 1682 1237 1799 RERUM
1351 1650 2048 1845 NATURA,

822 1870 1114 1954 LIBER
1158 1868 1586 1955 TERTIUS.

398 2142 426 2184 ‘t

366 2142 427 2254 ¹⁴1
451 2190 704 2252 tenebris
728 2192 895 2251 tantis
918 2201 1030 2251 tam
1056 2189 1267 2250 clarum
1292 2190 1577 2251 extollere
1598 2191 1788 2251 lumen

364 2277 459 2354 qui
482 2277 692 2353 primus
716 2276 950 2353 potuisti
980 2273 1282 2347 inlustrans
1309 2274 1601 2335 commoda
1622 2278 1772 2335 vitae
1790 2322 1808 2354 .,

359 2370 418 2419 te
450 2376 696 2438 sequor,
721 2378 756 2418 o
779 2357 977 2418 Graiae
1009 2361 1199 2436 gentis
1226 2359 1404 2421 decus
1424 2406 1441 2437 ,
1466 2361 1638 2438 inque
1662 2362 1772 2420 tuis
1796 2378 1945 2419 nunc

360 2444 493 2504 ficta
516 2443 726 2521 pedum
748 2460 902 2522 pono
926 2444 1147 2521 pressiS
1173 2445 1418 2521 vestigia
1441 2445 1619 2521 signis
1635 2490 1654 2521 ‚

304 2538 337 2589 5
366 2528 578 2588 nonita
605 2525 855 2587 certandi
882 2526 1120 2605 cupidus
1146 2545 1311 2605 quam
1335 2538 1576 2607 propter
1598 2546 1846 2588 amorem

360 2610 514 2692 quod
537 2622 595 2672 te
619 2612 817 2671 imitari
841 2627 1016 2672 aveo:
1043 2610 1176 2689 quid
1201 2613 1352 2670 enim
1375 2611 1679 2672 contendat
1701 2611 1940 2671 hirundo

362 2698 557 2771 cycnis
579 2741 597 2771 ‚
623 2706 717 2756 aut
742 2694 875 2774 quid
904 2713 1029 2753 nam
1053 2693 1309 2755 tremulis
1332 2696 1528 2756 facere
1557 2696 1788 2757 artubus
1813 2695 1985 2756 haedi

361 2778 657 2840 consimile
680 2781 735 2839 in
762 2798 931 2840 cursu
955 2780 1179 2858 possint
1200 2789 1260 2839 et
1284 2780 1447 2839 fortis
1474 2782 1606 2858 equi
1626 2781 1715 2841 vis
1732 2778 1762 2839 ’ἶ

360 2875 419 2923 tu
434 2910 452 2942 ,
478 2874 641 2942 pater
656 2909 674 2940 ‚
702 2882 768 2923 es
792 2881 980 2922 rerum
1003 2865 1266 2923 inventor
1283 2909 1300 2940 ,
1331 2874 1389 2924 tu
1411 2865 1589 2943 patria
1612 2864 1776 2924 nobis

271 2959 336 3009 lo
359 2948 691 3026 suppeditas
715 2955 1058 3025 praecepta,
1086 2948 1314 3025 tuisque
1340 2967 1446 3025 ex,
1472 2948 1686 3008 inclute
1702 2993 1720 3026 ‚
1745 2946 1955 3007 chartis
1976 2991 2000 3023 ,

361 3031 626 3091 floriferis
649 3041 709 3091 ut
732 3048 872 3108 apes
896 3033 952 3090 in
982 3029 1217 3091 saltibus
1249 3033 1431 3100 omnia
1453 3031 1661 3108 libant,

363 3117 545 3174 omnia
568 3132 673 3175 nos
703 3111 896 3173 itidem
927 3115 1287 3193 depascimur
1306 3133 1475 3176 aurea
1498 3115 1647 3176 dicta
1662 3161 1680 3193 ,

359 3215 530 3257 aurea
547 3242 565 3273 ,
587 3205 870 3275 perpetua
893 3216 1123 3276 semper
1147 3198 1474 3276 dignissima
1493 3201 1630 3260 vita.

359 3297 486 3337 nam
508 3278 672 3338 simul
696 3297 765 3337 ac
787 3283 928 3342 ratio
954 3291 1049 3341 tua
1073 3284 1264 3359 coepit
1286 3281 1591 3342 vociferari

266 3370 330 3421 15
350 3361 602 3419 naturam
623 3380 809 3421 nerum
825 3407 843 3437 ‚
869 3362 1051 3423 divina
1072 3373 1261 3425 mente
1287 3376 1482 3424 coorta
1495 3411 1513 3441 ‚

363 3442 656 3520 diffugiunt
677 3445 841 3506 animi
863 3454 1116 3507 terrores
1130 3493 1148 3524 ‚
1173 3448 1398 3508 moenia
1418 3448 1605 3507 mundi

364 3525 693 3603 discedunt,
719 3536 896 3587 totum
924 3530 1093 3588 video
1117 3549 1224 3609 per
1245 3532 1408 3590 inane
1430 3531 1555 3608 geri
1578 3549 1692 3590 res.
