2409 3825
246 934 314 985 10

244 1355 307 1406 15

235 2621 302 2673 10

251 3441 291 3489 δ

1068 169 1377 227 CATVLLI

415 331 632 398 Velles
677 332 915 417 dicere,
957 353 1079 397 nee
1119 336 1330 398 tacere
1372 355 1615 418 posses.

413 416 655 483 Verum
696 417 915 483 neseio
960 416 1071 483 uid
1110 417 1483 483 febriculosi

414 500 624 567 Seorti
666 501 913 587 diligis:
1003 522 1081 566 oe
1101 520 1102 525 ¹
1122 502 1322 585 pudet
1361 502 1569 568 fateri.

412 585 582 652 Nam
623 589 690 651 te
730 606 864 650 non
906 585 1127 650 viduas
1170 586 1377 651 iacere
1418 590 1641 652 noctes

411 668 817 754 Nequiquam
858 670 1127 734 tacitum
1170 670 1379 735 cubile
1423 671 1659 736 elamat

412 753 613 819 Sertis
656 776 732 819 ac
775 754 960 838 Syrio
1002 754 1298 840 fragrans
1342 755 1542 839 olivo,

410 837 841 922 Pulvinusque
882 859 1194 922 peraeque
1240 840 1307 903 et
1345 837 1453 904 hio
1494 842 1562 904 et
1600 839 1714 905 ille

408 922 690 987 Attritus
701 971 720 1003 ,
765 922 1145 1006 tremulique
1188 943 1424 1006 quassa
1464 924 1616 988 leoti

409 1006 754 1091 Argutatio
797 1005 1359 1091 inambulatioque.

409 1090 582 1156 Nam
623 1090 720 1154 nil
761 1092 982 1174 stupra
1022 1091 1222 1174 valet,
1265 1091 1457 1175 nihil,
1500 1095 1724 1157 tacere.

411 1173 585 1240 Gur?
628 1195 761 1239 non
801 1177 936 1239 tam
977 1175 1178 1238 latera
1221 1174 1506 1240 ecfututa
1544 1177 1818 1261 pandas,

408 1257 474 1323 N
477 1258 535 1323 ei
575 1261 651 1322 tu
692 1259 843 1343 quid
883 1258 1084 1323 facias
1125 1259 1233 1323 ine
1277 1259 1527 1326 tiarum.

409 1343 617 1419 Quare
705 1343 967 1428 uidquid
1006 1342 1205 1408 habes
1332 1344 1404 1409 ni
1443 1344 1750 1429 malique,

407 1425 532 1492 Dic
578 1448 666 1492 no
709 1428 784 1493 is.
848 1428 995 1492 volo
1038 1430 1103 1491 te
1146 1448 1222 1492 ao
1261 1429 1408 1492 tuos
1452 1442 1701 1493 amores

408 1511 513 1576 Ad
557 1511 801 1577 eaelum
843 1511 1056 1594 lepido
1100 1532 1328 1576 vocare
1370 1532 1576 1578 versu.

1118 1725 1278 1801 VH.

408 1849 702 1936 Quaeris,
748 1851 906 1935 quot
944 1848 1107 1916 mihi
1147 1849 1534 1916 basiationes

407 1934 609 2019 Tuae,
652 1934 907 2019 Lesbia,
952 1935 1083 2000 sint
1124 1936 1282 2000 satis
1326 1956 1652 2019 superque.

407 2018 614 2095 Quam
656 2041 928 2106 magnus
969 2040 1270 2084 numerus
1312 2017 1616 2103 Libyssae
1659 2040 1891 2086 arenae

406 2104 885 2189 Lasarpieiferis
926 2104 1093 2168 iacet
1136 2102 1433 2187 Cyrenis,

405 2189 704 2253 Oraelum
746 2187 918 2253 lovis
965 2188 1136 2253 inter
1176 2188 1456 2252 aestuosi

403 2272 496 2336 Et
534 2271 711 2335 Batti
752 2271 985 2336 veteris
1028 2293 1282 2337 sacrum
1324 2272 1682 2356 sepulerum
1692 2320 1712 2355 ‚

402 2357 541 2419 Aut
579 2376 772 2440 quam
815 2355 1024 2420 sidera
1062 2357 1297 2440 multa,
1348 2377 1492 2421 oum
1533 2360 1708 2421 tacet
1746 2377 1910 2443 nox,

404 2440 699 2505 Furtivos
741 2439 1076 2506 hominum
1117 2441 1341 2506 vident
1381 2462 1659 2525 amores,

403 2524 564 2590 Tam
606 2527 671 2588 te
712 2524 891 2590 basia
929 2525 1132 2590 multa
1172 2525 1422 2589 basiare

397 2608 652 2675 Vesano
697 2610 852 2674 satis
896 2613 962 2674 et
1002 2631 1193 2694 super
1238 2608 1585 2695 Catullost,

401 2692 577 2769 Quae
619 2714 739 2759 neo
781 2715 1227 2778 pernumerare
1271 2694 1503 2758 curiosi

400 2778 662 2843 Possint
701 2798 822 2843 neo
862 2780 1030 2843 mala
1070 2778 1384 2843 fascinare
1426 2779 1665 2864 lingua.

1090 2994 1283 3069 VIII.

397 3118 598 3182 Miser
640 3116 919 3201 Catulle,
965 3118 1216 3184 desinas
1258 3119 1364 3183 ine
1409 3119 1560 3202 tire,

395 3201 486 3264 Et
526 3199 697 3281 quod
739 3201 915 3266 vides
957 3203 1198 3285 perisse
1236 3225 1356 3300 per
1405 3204 1559 3267 'tum
1602 3202 1814 3267 ducas.

396 3280 659 3344 Fulsere
701 3284 1022 3365 quondam
1066 3286 1321 3351 candidi
1362 3287 1483 3352 tibi
1525 3286 1693 3351 soles
1707 3335 1726 3369 ‚

396 3361 560 3424 Cum
601 3366 958 3431 ventitabas
1001 3391 1128 3452 quo
1169 3371 1382 3454 puella
1424 3371 1694 3435 ducebat

393 3443 629 3506 Amata
668 3448 856 3512 nobis
901 3456 1211 3532 quantum
1254 3454 1570 3520 amabitur
1607 3455 1803 3521 nulla.

2063 177 2184 250 [VI.
