2409 3825
103 142 277 216 xvi]
948 140 1180 201 LIBER.
1330 144 1335 153 ²
1987 128 2033 194 9

273 301 412 369 Vos
453 301 605 369 hinc
646 302 891 368 interea
934 301 1195 388 (valete)
1243 302 1413 368 abite

272 385 466 470 Illuc,
508 386 678 451 unde
719 387 961 451 malum
1000 386 1232 470 pedem
1275 384 1608 469 attulistis,

147 524 152 530 .
275 470 486 537 Saecli
525 470 959 554 incommoda,
1001 470 1268 554 pessimi
1307 474 1554 556 poetae.

927 683 1137 757 ΧΠῙΙ
1150 682 1199 760 b.

275 803 458 888 Siqui
499 804 667 871 forte
709 826 997 870 mearum
1038 806 1425 893 ineptiarum

272 888 574 954 Lectores
618 889 792 955 eritis
835 911 1188 976 manusque
1230 894 1472 956 vestras
1965 897 2036 951 25

272 971 431 1039 Non
472 971 815 1039 horrebitis
858 975 1193 1039 admovere
1234 975 1421 1040 nobis
1432 1023 1454 1059 ,

552 1080 592 1123 *
839 1082 879 1125 *
965 1110 970 1115 .
1124 1085 1166 1124 *

993 1272 1149 1347 XV.

278 1391 675 1458 Gommendo
716 1393 838 1458 tibi
880 1415 983 1458 me
1026 1415 1100 1459 ac
1142 1415 1321 1460 meos
1363 1414 1610 1460 amores
1623 1443 1641 1475 ,

281 1477 527 1542 Aureli.
593 1478 849 1542 veniam
889 1481 1039 1562 peto
1080 1479 1456 1563 pudentem,

282 1560 400 1646 Vt,
445 1561 502 1626 si
545 1560 883 1646 quicquam
924 1563 1138 1627 animo
1180 1566 1295 1627 tuo
1340 1562 1604 1647 cupisti,

281 1644 466 1722 Quod
512 1647 758 1710 castum
800 1649 1125 1730 expeteres
1170 1650 1236 1712 et
1275 1646 1678 1733 integellum,

277 1728 637 1795 Conserves
679 1749 945 1813 puerum
988 1729 1149 1794 mihi
1235 1731 1444 1813 udice‚
2005 1740 2040 1794 ὅ

277 1811 344 1880 N
346 1834 435 1877 on
477 1811 619 1877 dico
663 1836 702 1877 a
741 1834 826 1897 po
874 1814 1013 1878 ulo:
1057 1814 1196 1878 nihi
1264 1836 1553 1881 veremur

282 1896 455 1963 Istos
466 1946 485 1981 ‚
531 1897 642 1982 qui
661 1898 753 1962 ..in
794 1921 837 1982 p
866 1899 1007 1963 atea
1048 1899 1240 1964 modo
1283 1899 1409 1965 huc
1450 1899 1640 1965 modo
1685 1897 1837 1966 illuc

261 1982 363 2047 'In
404 2004 473 2047 re
516 1985 923 2068 praetereunt
965 2004 1082 2047 sua
1123 1985 1446 2068 occupati:

280 2064 525 2132 Verum
568 2087 607 2130 a
646 2069 713 2131 te
754 2070 971 2132 metuo
1014 2070 1252 2151 tuoque
1294 2090 1458 2152 pene

280 2150 530 2215 Infesto
570 2151 784 2233 pueris
827 2151 1015 2216 bonis
1056 2153 1387 2238 malisque.
1978 2164 2045 2215 10

286 2235 491 2311 Quem
531 2238 604 2298 tu
648 2256 773 2317 qua
812 2236 1018 2318 lubet,
1062 2241 1135 2301 ut
1175 2237 1383 2322 iubet,
1426 2240 1679 2303 moveto
1695 2286 1713 2318 ,

285 2319 611 2395 Quantum
651 2319 748 2383 vis
761 2369 780 2403 ‚
827 2320 937 2384 ubi
980 2321 1103 2384 erit
1143 2321 1302 2386 foris
1313 2370 1332 2405 ‚
1375 2325 1695 2406 paratum:

283 2402 479 2467 Hunc
520 2424 720 2467 unum
763 2404 1007 2487 excipio
1022 2454 1041 2488 ‚
1084 2408 1159 2471 ut
1197 2408 1355 2488 puto
1366 2454 1386 2489 ‚
1429 2406 1758 2490 pudenter.

286 2486 470 2563 Quod
515 2486 571 2551 si
610 2491 676 2551 te
717 2488 889 2552 mala
928 2510 1111 2553 mens
1151 2488 1455 2573 furorque
1497 2510 1718 2554 vecors

284 2571 361 2636 In
404 2573 654 2635 tantam
695 2571 1027 2669 inpulerit,
1072 2573 1366 2657 sceleste,
1413 2575 1694 2658 culpam,
1979 2585 2045 2636 15

285 2654 378 2720 Vt
416 2659 708 2720 nostrum
751 2655 1000 2720 1nsidiis
1044 2661 1237 2740 caput
1278 2658 1581 2740 lacessas,

285 2740 347 2803 A
390 2742 533 2803 tum
574 2741 639 2803 te
680 2740 983 2804 miserum
1023 2743 1301 2825 malique
1344 2743 1491 2825 fati,

289 2824 494 2900 Quem
537 2825 826 2890 attractis
868 2824 1136 2908 pedibus
1179 2829 1440 2909 patente
1481 2828 1670 2910 porta

284 2907 669 2972 Percurrent
707 2907 1103 2994 raphanique
1145 2910 1563 2995 mugilesque.

979 3123 1171 3198 XV1.

288 3246 606 3312 Pedicabo
651 3268 772 3333 ego
815 3268 931 3311 vos
975 3251 1041 3313 et
1079 3248 1450 3333 inrumabo,

289 3332 513 3396 Aureli
552 3331 809 3417 pathice
851 3336 918 3397 et
959 3332 1220 3397 cinaede
1260 3332 1443 3415 Furi,

289 3416 415 3495 Qui
458 3439 560 3482 me
604 3438 683 3482 ex
722 3415 1049 3482 versiculis
1092 3417 1252 3481 meis
1294 3415 1598 3500 putastis,
