2409 3825
148 156 232 221 22
1015 176 1019 180 ’
1140 155 1170 219 1

314 346 567 389 umorem
591 327 827 406 primum
845 369 862 400 ‚
891 333 1021 402 post
1043 328 1208 401 aera,
1237 323 1441 384 deinde
1469 323 1753 403 calorem,

313 431 424 473 nec
449 429 680 472 cessare
705 409 848 470 haec
872 411 1018 468 inter
1040 428 1105 469 se
1129 417 1343 467 mutare
1363 454 1380 484 ,
1406 426 1596 469 meare

313 516 346 557 a
375 494 537 556 caelo
560 495 630 555 ad
652 505 855 554 terram
874 540 890 569 ‚
919 492 989 552 de
1012 502 1163 552 terra
1185 491 1254 550 ad
1278 492 1465 552 si-„lera
1489 492 1693 552 mundi.

315 580 467 661 quod
491 578 684 639 facere
707 576 854 637 haud
879 575 995 636 ullo
1021 576 1231 636 debent
1262 577 1562 655 primordia
1585 588 1773 655 pacto.

191 672 294 727 ⁷90
313 661 654 724 immutabile
679 663 828 722 enim
851 660 1110 739 quiddam
1134 678 1407 738 superare
1430 671 1773 738 necessest,

315 768 387 808 ne
410 766 506 808 res
532 747 602 806 ad
622 745 797 806 nilum
819 744 1147 821 redigantur
1168 744 1417 805 funditus
1443 763 1670 805 omnes:

314 850 438 891 nam
463 831 862 910 quodcumque
887 831 1005 889 suis
1030 837 1297 888 mutatum
1323 830 1526 889 finibus
1551 831 1699 906 exit,

315 917 581 977 continuo
600 913 715 973 hoc
742 930 894 974 mors
916 922 1006 973 est
1029 912 1180 973 illius
1207 914 1357 991 quod
1380 913 1481 972 fuit
1503 922 1651 972 ante.

314 1008 663 1079 quapropter
687 999 948 1076 quoniam
976 1015 1120 1075 quae
1147 997 1317 1076 paulo
1348 997 1585 1057 diximus
1608 1007 1737 1056 ante

185 1085 365 1147 ‘195in
389 1091 784 1142 commutatum
808 1083 1068 1158 veniunt,
1097 1092 1360 1141 constare
1387 1090 1691 1142 necessest

312 1186 386 1228 ex
408 1165 531 1227 aliis
557 1184 624 1225 ea
640 1211 658 1242 ‚
684 1183 828 1244 quae
853 1174 1136 1243 nequeant
1161 1168 1487 1226 convertier
1508 1183 1743 1243 usquam
1760 1211 1779 1243 ‚

310 1271 383 1310 ne
406 1251 506 1311 tibi
529 1268 625 1310 res
649 1246 884 1311 redeant
907 1249 977 1308 ad
994 1249 1169 1309 nilum
1191 1250 1441 1310 funditus
1468 1268 1683 1309 omnes.

313 1337 445 1414 quin
466 1336 655 1413 potius
677 1333 773 1392 tali
799 1344 991 1394 natura
1013 1334 1265 1413 praedita
1294 1335 1565 1412 quaedam

315 1436 556 1496 corpora
580 1420 889 1479 constituas
911 1463 928 1494 ‚
954 1420 1143 1496 ignem
1165 1421 1215 1479 si
1238 1419 1387 1479 forte
1413 1420 1657 1479 crearint
1675 1463 1694 1495 ‚

184 1512 290 1566 ssoo
311 1521 490 1582 posse
516 1502 714 1572 eadem
730 1549 748 1580 ‚
778 1503 1020 1581 demptis
1045 1504 1243 1582 paucis
1267 1505 1583 1583 paucisque
1608 1502 1830 1566 tributis
1848 1548 1867 1583 ,

312 1586 508 1648 ordine
530 1596 740 1647 mutato
765 1596 823 1647 et
844 1597 1000 1647 motu
1015 1633 1032 1664 ,
1059 1587 1253 1647 facere
1277 1589 1426 1648 aeris
1450 1606 1612 1648 auras
1631 1633 1649 1663 ,

312 1674 399 1733 sic
425 1670 563 1732 alias
587 1671 712 1732 aliis
736 1672 909 1731 rebus
933 1673 1199 1731 mutarier
1223 1669 1446 1733 omnis?

383 1746 488 1816 ‘At
509 1755 803 1826 manifesta
827 1755 1009 1834 palam
1031 1775 1126 1817 res
1148 1754 1373 1816 indicat’
1398 1747 1611 1834 inquis‘
1624 1757 1680 1816 in
1700 1774 1863 1819 auras

311 1840 460 1900 aeris
483 1859 519 1899 e
542 1850 694 1899 terra
716 1858 812 1899 res
837 1841 1016 1900 omnis
1043 1858 1313 1901 crescere
1336 1839 1558 1920 alique:

186 1932 289 1986 805
312 1934 371 1985 et
392 1926 500 1985 nisi
523 1935 836 2003 tempestas
862 1924 1117 2002 indulget
1140 1934 1401 2004 tempore
1425 1926 1612 1985 fausto

310 2007 582 2068 imbribus
600 2054 618 2085 ‚
645 2018 707 2069 ut
729 2009 861 2069 tabe
883 2009 1196 2068 nimborum
1219 2010 1447 2070 arbusta
1471 2008 1773 2089 vacillent,

310 2091 517 2172 solque
538 2110 638 2152 sua
661 2110 766 2171 pro
791 2103 953 2172 parte
978 2093 1136 2154 fovet
1157 2094 1466 2173 tribuitque
1492 2093 1743 2153 calorem
1760 2140 1779 2173 ,

313 2194 584 2237 crescere
607 2194 719 2236 non
745 2179 967 2255 possint
990 2178 1188 2255 fruges
1214 2179 1444 2238 arbusta
1466 2179 1797 2239 animantis!

310 2260 569 2336 scilicet,
595 2271 653 2320 et
676 2261 783 2322 nisi
803 2279 913 2330 nos
939 2262 1102 2322 cibus
1128 2263 1313 2323 aridus
1340 2273 1399 2323 et
1422 2271 1586 2321 tener
1609 2279 1769 2321 umor

183 2352 289 2406 810
308 2344 569 2421 adiuvet,
594 2346 801 2405 amisso
825 2347 932 2404 iam
957 2364 1202 2426 corpore
1227 2348 1340 2406 vita
1362 2362 1591 2423 quoque
1616 2348 1798 2408 omnis

310 2428 568 2489 omnibus
590 2447 626 2488 e
648 2431 839 2490 nervis
863 2440 1034 2508 atque
1057 2430 1286 2492 ossibus
1309 2428 1665 2490 exsoluatur:

308 2513 615 2572 adiutamur
638 2515 785 2573 enim
808 2513 977 2574 dubio
996 2513 1197 2594 procul
1227 2524 1396 2592 atque
1419 2513 1615 2574 alimur
1634 2530 1740 2576 nos

312 2598 485 2657 certis
509 2596 580 2656 ab
601 2597 777 2657 rebus
797 2642 814 2673 ‚
844 2600 1016 2660 certis
1037 2598 1181 2659 aliae
1207 2608 1380 2677 atque
1407 2597 1550 2658 aliae
1573 2617 1688 2660 res.

309 2682 564 2740 nimirum
582 2726 601 2758 ‚
634 2684 763 2760 quia
785 2681 957 2742 multa
979 2681 1161 2744 modis
1189 2684 1503 2743 communia
1525 2681 1716 2746 multis

184 2773 288 2827 815
310 2763 604 2825 multarum
633 2784 820 2827 rerum
850 2768 906 2826 iu
925 2766 1099 2826 rebus
1122 2765 1426 2845 primordia
1448 2768 1619 2826 mixta

311 2859 441 2910 sunt
455 2895 475 2927 ,
506 2848 636 2910 ideo
658 2851 826 2911 variis
849 2852 1038 2911 variae
1059 2867 1156 2911 res
1177 2850 1355 2911 rebus
1378 2850 1617 2910 aluntur.

309 2942 480 3011 atque
503 2932 700 2993 eadem
721 2937 905 3013 mag-ni
928 2934 1107 2994 refert
1127 2934 1430 3012 primordia
1453 2953 1631 3014 saepe

310 3034 438 3076 cum
465 3017 671 3097 quibus
695 3029 754 3078 et
777 3018 926 3097 quali
950 3020 1202 3098 positura
1228 3021 1621 3081 contineantur

307 3109 367 3160 et
391 3117 537 3179 quos
559 3102 795 3162 intel-se
822 3102 956 3163 dent
978 3112 1164 3164 motus
1188 3105 1584 3184 accipiantque
1602 3125 1615 3137 ·

178 3189 285 3246 810
302 3200 543 3262 namque
568 3183 768 3245 eadem
792 3185 1012 3247 caelum
1034 3205 1187 3250 mare
1210 3197 1391 3250 terras
1415 3187 1638 3250 flumina
1658 3187 1845 3252 solem

311 3269 695 3346 constituunt,
724 3268 924 3329 eadem
945 3270 1143 3348 fruges
1166 3271 1395 3334 arbusta
1416 3272 1708 3333 animantis
1722 3317 1743 3351 ‚

308 3367 507 3408 verum
528 3349 654 3411 aliis
676 3349 906 3430 alioque
929 3352 1099 3415 modo
1123 3358 1422 3417 commixta
1451 3363 1767 3416 moventur.

312 3432 445 3512 quin
468 3434 634 3494 etiam
656 3436 868 3513 passim
891 3439 1101 3498 nostris
1124 3441 1180 3498 in
1202 3440 1466 3501 versibus
1488 3440 1629 3520 ipsis
