2409 3825
250 140 332 205 68
804 154 976 201 xvn.
1037 151 1439 201 AGEsmAUs.
1481 149 1529 198 3.
1574 147 1621 199 4.

192 306 224 354 6
253 290 422 355 Laco
479 291 694 353 autem
748 308 892 373 Ψ
946 286 1190 351 videret
1240 285 1460 350 hostes
1511 285 1801 368 equitatu
1855 300 2194 370 superare,‘

250 395 602 458 numquam
654 372 727 436 in
780 366 1003 455 cai'npo
1062 370 1163 435 sui
1203 369 1360 434 fecit
1402 372 1787 452 potestatem
1843 373 1911 433 et
1960 369 2043 433 iis
2085 369 2185 435 lo-

252 459 341 524 cis
382 478 647 522 manum
705 455 1057 538 conseruit,
1113 454 1345 538 quibus
1362 534 1370 544 ·
1387 453 1535 538 plus
1573 453 1899 537 pedestres
1955 454 2184 537 copiae

251 543 558 609 valerent.
643 538 895 626 pepulit
933 559 1112 625 ergo,
1171 538 1755 623 quotienscumque
1770 557 2184 622 „congressus

251 632 378 710 est,
432 626 637 690 multo
680 625 954 689 maiores
1010 622 1521 688 adversariorum
1562 614 1805 705 copias'
1834 626 1901 686 et
1953 621 2046 686 sic
2109 623 2186 687 in

251 712 409 776 Asia
459 713 747 775 versatus
802 711 929 792 est,
984 711 1061 772 ut
1119 707 1409 771 omnium
1462 706 1767 791 opinione
1816 706 2026 772 victor
2066 704 2185 771 du-

251 799 517 860 ceretur.
1722 804 1727 809 ’

178 882 221 943 4
415 877 543 942 Hic
598 898 746 974 cum
800 876 931 940 iam
994 876 1210 941 animo
1268 875 1684 940 meditaretur
1733 875 2054 959 proficisci
2105 875 2183 939 in

198 964 202 969 ’
250 963 477 1028 Persas
532 964 599 1025 et
653 966 867 1044 ip‘sum
923 981 1141 1045 regem
1204 960 1443 1025 adoriri
1456 1008 1475 1043 ,
1528 959 1796 1024 nuntius
1863 960 1922 1023 ei
1984 959 2185 1024 domo

250 1047 431 1110 venit
460 1068 493 1109 e
538 1044 847 1110 hororum
874 1044 1091 1127 missu,
1135 1043 1377 1109 bellum
1404 1044 1834 1109 Athenienses
1877 1047 1946 1107 et
1972 1042 2183 1108 Boeo-

249 1135 353 1195 tos
408 1130 478 1194 in
529 1129 541 1142 '
588 1129 711 1192 isse
754 1127 1306 1193 Lacedaemoniis:
1365 1149 1561 1213 quare
1603 1128 1822 1207 venire
1865 1149 1950 1192 ne
1996 1127 2183 1192 dubi-

192 1229 224 1277 2
253 1217 437 1278 taret.
537 1213 609 1277 in
662 1212 788 1276 hoc
849 1233 986 1277 non
1037 1213 1253 1277 minus
1317 1213 1454 1277 eius
1504 1212 1710 1296 pietas
1774 1211 2184 1296 suspicienda

215 1306 236 1334 ·‘
252 1302 351 1364 est
393 1319 587 1382 quam
629 1297 831 1377 virtus
873 1295 1139 1361 bellica:
1212 1297 1324 1380 qui
1379 1318 1524 1371 cum
1579 1297 1808 1363 victori
1855 1300 2184 1381 praeesset

253 1382 561 1448 exercitui
602 1382 1071 1465 maximamque
1123 1381 1391 1445 haberet
1408 1368 1740 1445 *Bauciam
1795 1381 1980 1466 regni
2030 1379 2207 1460 Per-„

253 1489 468 1615 ῗέζέῗ
485 1465 847 1615 αἷὲἓξᾙῗέᾱ
873 1465 2034 1635 ῃξῖἓξὴῗῶἶῐῖᾒῖἒέῗῗήίἓῗᾼὲΠῗῃ
2052 1464 2187 1612 ft?

252 1636 437 1700 mitio
497 1637 663 1699 esset
716 1632 1002 1717 Spartae.
1101 1632 1284 1697 cuius
1338 1600 1700 1717 e’xemplum
1750 1634 2001 1698 utinam
2063 1634 2186 1697 im-

193 1733 227 1781 3
257 1724 583 1804 peratores
612 1719 820 1784 nostri
848 1719 1029 1816 sequi
1057 1717 1440 1782 voluissent!
1505 1717 1617 1782 sed
1644 1717 1798 1783 illuc
1825 1719 2182 1783 redeamus,

251 1805 592 1889 Agesilaus
664 1802 1148 1886 opulentissimo
1222 1822 1423 1887 regno
1499 1802 1873 1886 praeposuit
1938 1802 2191 1866 bonam

254 1887 795 1964 existimationem
835 1886 1170 1971 multoque
1214 1886 1557 1972 gloriosius
1612 1886 1824 1970 duxit,
1890 1885 1947 1951 si
1998 1886 2187 1951 insti-

250 1973 408 2036 tutis
472 1972 718 2056 patriae
781 1972 1126 2055 paruisset,
1240 1993 1391 2036 uam
1456 1972 1510 2036 si
1580 1971 1752 2036 bello
1817 1975 2190 2055 superasset

192 2070 227 2118 4
255 2056 496 2121 Asiam.
547 2056 670 2120 hac
696 2056 897 2141 igitur
923 2058 1138 2120 mente
1229 2055 1655 2139 ellespontum
1681 2055 1898 2153 copias
1926 2055 2191 2134 traiecit

250 2144 557 2225 tantaque
613 2162 765 2204 usus
821 2145 920 2203 est
960 2139 1316 2223 celeritate,
1371 2144 1474 2223 ut,
1531 2140 1705 2223 quod
1758 2144 1882 2203 lter
1933 2139 2187 2204 Xerxes

253 2246 423 2288 anno
469 2226 758 2288 vertente
802 2222 1184 2306 confecerat,
1228 2223 1336 2288 hic
1376 2224 1704 2288 transierit
1735 2224 2008 2309 triginta
2048 2222 2185 2288 die-

193 2321 226 2369 5
254 2308 393 2372 buS.
503 2328 649 2386 cum
705 2307 835 2369 iam
876 2306 1050 2370 haud
1092 2308 1187 2371 ita
1227 2307 1423 2393 longe
1477 2309 1728 2372 abesset
1780 2330 1820 2371 a
1859 2307 2233 2391 Pelopon-s

251 2412 429 2473 nes0‚
474 2390 782 2455 obsistere
827 2390 888 2455 ei
916 2392 1133 2468 conati
1173 2395 1327 2456 sunt
1363 2392 1794 2457 Athenienses
1837 2395 1904 2455 et
1941 2390 2186 2457 Boeoti

254 2475 575 2559 ceterique
619 2495 841 2539 eorum
893 2475 1054 2540 socii
1096 2476 1266 2559 apud
1311 2475 1696 2541 Coroneam:
1748 2497 1909 2559 quos
1953 2497 2185 2558 omnes

194 2574 225 2622 6
254 2560 438 2645 gravi
479 2559 727 2644 proelio
771 2560 943 2625 vicit.
1030 2559 1224 2624 huius
1252 2560 1558 2625 victoriae
1599 2560 1705 2623 vel
1732 2560 2012 2640 maxima
2052 2560 2187 2625 fuit

249 2646 420 2728 laus,
476 2643 677 2728 quod,
734 2665 880 2736 qum
932 2644 1222 2728 plerique
1277 2666 1355 2707 ex
1407 2644 1566 2728 fuga
1615 2665 1684 2708 se
1739 2644 1811 2708 in
1864 2644 2185 2728 templum

250 2729 582 2793 Minervae
612 2728 1036 2793 coniecissent
1062 2731 1602 2812 quaerereturque
1646 2728 1728 2792 ab
1757 2749 1855 2812 eo,
1900 2728 2059 2813 quid
2101 2730 2184 2794 iis

250 2813 449 2877 vellet
487 2813 648 2895 fieri,
693 2812 813 2877 etsi
857 2812 1108 2897 aliquot
1147 2812 1418 2876 vulnera
1450 2817 1783 2896 acceperat
1823 2834 1900 2877 eo
1929 2814 2184 2896 proelio

252 2902 319 2961 et
357 2898 559 2962 iratus
589 2896 925 2961 videbatur
953 2895 1270 2980 omnibus,
1314 2896 1427 2980 qui
1470 2896 1771 2961 adversus
1813 2918 1992 2960 arma
2020 2898 2186 2962 tule-

252 2985 428 3065 rant,
485 2984 704 3045 tamen
757 2981 1061 3046 antetulit
1111 2980 1247 3045 irae
1288 2980 1670 3066 religionem
1712 2984 1780 3045 et
1819 3001 1929 3046 eos
1971 2984 2187 3048 vetuit

193 3076 224 3124 7
255 3066 501 3130 violari.
590 3086 800 3148 neque
842 3085 995 3133 vero
1039 3066 1164 3129 hoc
1207 3065 1418 3130 solum
1457 3066 1530 3129 in
1573 3065 1843 3130 Graecia
1883 3065 2058 3150 fecit,
2110 3071 2190 3132 ut

152 3185 158 3190 ·
249 3150 494 3228 templa
523 3151 788 3213 deorum
831 3152 1052 3212 sancta
1091 3148 1391 3232 haberet,
1435 3149 1547 3214 sed
1589 3149 1785 3214 etiam
1826 3149 1999 3234 apud
2040 3151 2188 3216 bar-

252 3228 446 3290 baros
511 3252 758 3295 summa
828 3231 1142 3317 religione
1219 3233 1437 3298 omnia
1497 3233 1840 3298 simulacra
1912 3255 2187 3319 arasque

196 3319 229 3367 8
260 3314 677 3376 conservavit.
750 3316 966 3399 itaque
1008 3316 1420 3398 praedicabat
1446 3317 1666 3381 mirari
1695 3338 1781 3398 se,
1825 3339 1963 3382 non
1991 3320 2188 3384 sacri-

258 3390 550 3532 legorum
611 3415 877 3462 numero
947 3398 1199 3492 haberi,
1278 3401 1389 3483 qui
1456 3400 1848 3484 supplicibus
1914 3401 2189 3471 deorum
