2409 3825
1138 200 1193 257 V
2042 205 2170 269 129

339 362 435 440 qui
455 362 673 421 ratione
696 378 798 421 sua
821 360 1136 421 disturbent
1154 363 1377 421 moenia
1403 362 1591 421 mundi

209 455 315 508 120
335 443 804 524 praeclarumque
829 442 1009 504 velint
1038 441 1183 504 caeli
1205 447 1565 522 restinguere
1593 445 1775 507 solem
1793 492 1812 526 ‚

336 526 650 589 inmortalia
672 525 892 587 mortali
913 545 1177 588 sermone
1200 538 1491 596 notantes;

340 629 486 690 quae
507 610 914 690 proculusque
939 611 1082 671 adeo
1105 610 1293 671 divino
1315 630 1347 670 a
1369 614 1594 671 numine
1617 611 1861 692 distent,
1919 648 1922 652 ⁴

336 697 510 774 inque
533 695 699 754 deum
721 711 954 754 numero
986 713 1130 773 quae
1153 697 1264 755 sint
1291 695 1516 773 indigna
1536 694 1749 772 videri,

338 779 590 838 notitiam
611 779 800 856 potius
827 778 1111 856 praebere
1132 788 1192 838 ut
1216 796 1396 858 posse
1420 788 1688 858 putentur

213 872 316 924 125
341 861 474 940 quid
501 863 573 921 sit
597 860 755 921 vitali
777 870 932 920 motu
962 880 1251 939 sensuque
1280 871 1573 921 remotum.

340 947 552 1024 qnippe
584 946 793 1004 etenim
819 961 933 1004 non
962 955 1086 1021 est,
1112 963 1240 1004 cum
1264 946 1464 1024 quovis
1495 962 1745 1027 corpore
1769 956 1828 1006 ut
1857 966 1994 1010 esse

339 1045 516 1107 posse
544 1029 707 1087 animi
736 1038 930 1088 natura
955 1037 1184 1107 putetur
1210 1027 1653 1107 consiliumque;

279 1105 290 1111 ’
340 1114 487 1173 sicut
509 1114 565 1171 in
594 1111 826 1172 aethere
856 1129 966 1170 non
990 1113 1192 1190 arbor,
1221 1129 1334 1193 non
1362 1130 1612 1191 aequore
1638 1111 1795 1173 salso

339 1196 521 1255 nubes
548 1214 681 1257 esse
711 1204 956 1273 queunt,
981 1213 1171 1273 neque
1200 1197 1396 1274 pisces
1426 1197 1623 1255 vivere
1652 1198 1708 1255 in
1731 1201 1882 1259 arvis
1899 1245 1918 1277 ‚

209 1288 317 1342 130
336 1297 446 1339 nec
476 1297 644 1339 cruor
664 1278 721 1337 in
744 1278 913 1356 lignis
935 1297 1123 1358 neque
1151 1280 1304 1340 saxis
1329 1298 1500 1340 sucus
1525 1281 1737 1341 inesse.

342 1373 557 1422 certum
579 1380 647 1422 ac
672 1361 1061 1441 dispositumst
1085 1362 1180 1422 ubi
1205 1363 1474 1442 quicquid
1507 1375 1733 1424 crescat
1761 1376 1817 1425 et
1839 1366 1989 1426 insit.

339 1447 425 1505 sic
445 1447 610 1505 animi
631 1456 825 1505 natura
846 1448 1043 1524 nequit
1066 1448 1189 1505 sine
1216 1463 1460 1525 corpore
1486 1449 1618 1506 oriri

340 1527 463 1588 sola
482 1548 671 1607 neque
695 1547 728 1587 a
756 1530 946 1589 nervis
973 1538 1030 1589 et
1054 1531 1326 1607 sanguine
1349 1529 1598 1607 longiter
1621 1550 1775 1591 esse.

341 1612 473 1691 quid
494 1614 543 1672 si
570 1622 771 1691 posset
794 1610 982 1672 enim?
1003 1612 1177 1673 multo
1200 1616 1356 1693 prius
1379 1615 1504 1692 ipsa
1529 1616 1694 1672 animi
1717 1617 1802 1674 vis

210 1704 315 1758 135
344 1699 398 1755 in
424 1697 609 1774 capite
633 1706 725 1756 aut
750 1697 959 1756 umeris
982 1705 1075 1757 aut
1103 1698 1227 1757 imis
1249 1697 1513 1757 calcibus
1536 1716 1670 1757 esse
1839 1695 1841 1697 ’

338 1788 570 1857 posset,
595 1788 653 1839 et
675 1780 889 1839 innasci
915 1781 1110 1859 quavis
1136 1781 1192 1839 in
1215 1790 1374 1859 parte
1398 1780 1615 1840 soleret

335 1863 558 1923 tandem
580 1864 635 1922 in
657 1862 860 1924 eodem
885 1863 1108 1923 homine
1130 1874 1302 1943 atque
1323 1867 1378 1924 in
1401 1865 1605 1925 eodem
1627 1883 1765 1926 vase
1787 1884 2032 1926 manere.

341 1946 490 2025 quod
511 1949 769 2025 quoniam
798 1949 994 2008 nostro
1024 1965 1252 2026 quoque
1278 1959 1499 2009 constat
1531 1966 1774 2028 corpore
1803 1960 2054 2029 certum,

338 2030 785 2108 dispositumque
811 2030 1035 2091 videtur
1057 2032 1150 2090 ubi
1177 2051 1313 2092 esse
1339 2041 1396 2091 et
1428 2050 1697 2093 crescere
1726 2036 1908 2112 possit

205 2122 313 2177 140
333 2129 591 2174 seorsum
615 2115 792 2173 anima
814 2123 982 2193 atque
1005 2117 1218 2176 animus
1241 2160 1258 2191 ‚
1279 2124 1431 2174 tanto
1457 2117 1635 2192 magis
1658 2117 1996 2177 infitiandum

335 2206 515 2257 totum
536 2214 714 2275 posse
737 2207 896 2257 extra
920 2216 1127 2277 corpus
1154 2198 1502 2277 formamque
1524 2199 1817 2260 animalem

337 2276 593 2358 putribus
617 2282 674 2339 in
695 2280 882 2357 glebis
906 2292 1175 2342 terrarum
1195 2290 1289 2342 aut
1313 2282 1452 2343 solis
1482 2284 1537 2342 in
1560 2284 1675 2360 igni

335 2366 504 2423 autin
529 2381 673 2443 aqua
698 2364 896 2423 durare
922 2375 1015 2425 aut
1038 2364 1166 2425 altis
1196 2365 1443 2427 aetheris
1467 2368 1600 2427 oris.

334 2446 482 2506 haud
504 2448 674 2524 igitur
695 2457 952 2508 constant
981 2449 1167 2508 divino
1194 2449 1446 2527 praedita
1468 2469 1642 2510 sensu
1662 2496 1680 2527 ,

205 2540 309 2593 145
334 2530 784 2609 quandoquidem
805 2542 1093 2610 nequeunt
1119 2531 1367 2592 vitaliter
1388 2552 1522 2593 esse
1545 2534 1798 2594 animata.

419 2612 568 2674 Illud
592 2616 727 2673 item
746 2633 858 2673 non
885 2625 974 2675 est
997 2624 1058 2675 ut
1078 2617 1271 2694 possis
1299 2614 1537 2676 credere
1552 2661 1570 2692 ,
1597 2617 1767 2677 sedes

337 2715 473 2757 esse
497 2697 664 2756 deum
686 2706 913 2758 sanctas
936 2700 990 2758 in
1016 2698 1204 2757 mundi
1231 2699 1484 2776 partibus
1513 2698 1665 2759 ullis.

332 2781 519 2840 tenvis
540 2782 689 2840 enim
710 2791 903 2841 natura
926 2781 1089 2841 deum
1110 2781 1400 2860 longeque
1424 2793 1642 2843 remota

332 2864 599 2924 sensibus
626 2864 696 2924 ab
724 2866 931 2925 nostris
962 2867 1124 2924 animi
1144 2867 1243 2924 vix
1263 2875 1452 2925 mente
1482 2865 1730 2932 videtur:

201 2956 310 3009 150
332 2964 479 3025 quae
505 2949 765 3025 quoniam
786 2966 1043 3007 manuum
1072 2958 1282 3009 tactum
1303 2948 1536 3026 suffugit
1559 2959 1616 3009 et
1643 2950 1844 3028 ictum,

332 3029 528 3100 tactile
548 3030 626 3090 nil
647 3032 813 3090 nobis
831 3031 995 3109 ‚quod
1018 3033 1090 3091 sit
1115 3033 1447 3108 contingere
1483 3034 1687 3093 debet:

331 3122 570 3189 tangere
599 3116 746 3173 enim
766 3133 879 3173 non
907 3116 1024 3193 quit
1050 3116 1202 3194 quod
1224 3117 1376 3193 tangi
1405 3134 1514 3175 non
1537 3116 1675 3177 licet
1696 3118 1900 3194 ipsum.

331 3214 506 3273 quare
537 3198 704 3256 etiam
732 3198 904 3257 sedes
929 3217 1156 3276 quoque
1185 3200 1395 3260 nostris
1420 3200 1652 3261 sedibus
1678 3219 1812 3261 esse

331 3278 639 3341 dissimiles
666 3280 876 3341 debent
893 3328 910 3358 ,
933 3291 1161 3342 tenuest
1185 3283 1234 3342 si
1262 3284 1458 3360 corpu'
1488 3283 1750 3349 deorum;

193 3371 301 3422 155
331 3380 478 3440 quae
509 3364 610 3422 tibi
635 3365 920 3442 posterius
943 3363 1104 3442 largo
1134 3383 1397 3425 sermone
1420 3367 1694 3444 probabo,

330 3444 525 3506 dicere
547 3464 722 3526 porro
743 3447 1025 3508 hominum
1055 3466 1223 3508 causa
1245 3447 1498 3508 voluisse
1524 3467 1724 3528 parare

235 3533 556 3588 chnmms.
1596 3597 1599 3598 ⁷
1805 3528 1847 3586 9
