2409 3825
1121 190 1209 255 111

326 369 564 441 apparet
588 359 777 419 divum
797 376 1004 419 numen
1027 357 1317 439 sedesque
1349 361 1574 440 quietae
1594 407 1613 438 ‚

329 464 471 524 quas
494 461 686 524 neque
717 440 1047 504 concutiunt
1072 446 1229 504 venti
1255 463 1364 504 nec
1387 444 1576 505 nubila
1598 444 1800 506 nimbis

237 541 304 593 20
323 537 636 608 aspergunt
659 546 848 605 neque
873 529 970 586 nix
992 529 1111 587 acri
1134 537 1406 590 concreta
1427 531 1623 608 pruina

333 631 472 674 cana
497 611 710 673 cadens
733 609 908 671 violat
931 630 1278 692 semperque
1308 613 1592 674 innubilus
1618 611 1818 673 aether

332 698 569 775 integit,
597 705 655 756 et
678 694 840 773 large
865 695 1070 756 diffuso
1093 695 1303 758 lumine
1332 697 1546 758 rident:

334 784 518 842 omnia
539 780 872 861 suppeditat
895 797 1067 860 porro
1091 791 1318 858 natura,
1345 801 1535 862 neque
1559 781 1676 841 ulla

332 885 429 928 res
453 867 618 925 animi
639 882 842 944 pacem
867 864 1076 925 delibat
1107 875 1366 946 tempore
1388 869 1445 926 in
1466 866 1603 927 ullo.

240 961 304 1013 25
330 960 385 1011 at
409 960 606 1013 contra
629 967 904 1028 nusquam
927 959 1202 1029 apparent
1224 950 1545 1011 Acherusia
1568 949 1778 1030 templa
1796 996 1814 1028 ,

334 1053 444 1096 nec
467 1034 642 1096 tellus
666 1035 853 1094 obstat
882 1035 1014 1112 quin
1046 1037 1229 1095 omnia
1251 1035 1650 1115 dispiciantur,

335 1120 443 1182 sub
466 1119 709 1200 pedibus
737 1137 1129 1198 quaecumque
1153 1120 1296 1179 infra
1320 1138 1427 1199 per
1447 1123 1612 1181 inane
1643 1128 1937 1199 geruntur.

336 1204 424 1265 his
448 1205 527 1263 ibi
549 1223 639 1264 me
662 1203 836 1264 rebus
865 1203 1140 1283 quaedam
1164 1203 1350 1265 divina
1369 1203 1633 1284 voluptas

340 1291 589 1369 percipit
612 1298 783 1367 atque
808 1287 1043 1366 horror,
1068 1288 1221 1367 quod
1245 1290 1328 1350 sic
1353 1299 1549 1350 natura
1572 1299 1666 1349 tua
1688 1291 1745 1359 vi

246 1383 316 1437 30
339 1383 450 1434 tam
473 1372 771 1433 manifesta
795 1381 998 1452 patens
1023 1392 1100 1433 ex
1128 1376 1277 1433 omni
1301 1383 1463 1453 parte
1487 1382 1709 1435 retecta
1733 1382 1840 1433 est.

424 1456 500 1519 Et
525 1459 788 1536 quoniam
812 1457 1015 1536 docui,
1043 1468 1370 1518 cunctarum
1400 1458 1635 1519 exordia
1656 1470 1848 1518 rerum

343 1542 530 1623 qualia
560 1544 671 1604 sint
696 1550 755 1603 et
781 1561 946 1621 quam
975 1546 1145 1603 variis
1170 1543 1430 1603 distantia
1455 1543 1649 1603 formis

342 1636 552 1707 sponte
581 1644 684 1687 sua
703 1626 946 1687 volitent
969 1637 1204 1687 aeterno
1230 1629 1452 1707 percita
1472 1637 1626 1687 motu
1643 1673 1661 1703 ‚

344 1729 534 1790 quove
558 1710 727 1770 modo
750 1713 973 1790 possint
993 1730 1090 1771 res
1115 1731 1190 1772 ex
1214 1711 1301 1770 his
1325 1729 1587 1790 quaeque
1613 1713 1832 1788 creari,

246 1806 316 1860 35
342 1795 525 1857 hasce
550 1795 862 1856 secundum
883 1813 978 1855 res
1000 1798 1164 1856 animi
1184 1806 1382 1857 natura
1403 1795 1627 1856 videtur

345 1890 517 1961 atque
540 1881 755 1941 animae
783 1878 1045 1941 claranda
1067 1882 1209 1942 meis
1232 1883 1340 1941 iam
1362 1880 1624 1943 versibus
1649 1898 1784 1942 esse
1802 1927 1819 1956 ‚

345 1975 405 2026 et
426 1972 614 2025 metus
636 1963 735 2024 ille
758 1964 913 2025 foras
938 1983 1223 2044 praeceps
1253 1965 1599 2027 Acheruntis
1626 1965 1914 2044 agendu3‚

346 2048 595 2108 funditus
619 2046 913 2107 humanam
943 2052 1036 2128 qui
1066 2051 1238 2109 vitam
1267 2050 1453 2109 turbat
1478 2051 1549 2110 ab
1572 2053 1683 2110 imo
1701 2096 1718 2127 ,

346 2133 534 2194 omnia
558 2124 888 2192 suffundens
911 2135 1106 2194 mortis
1131 2136 1360 2211 nigrore
1378 2180 1395 2212 ,
1420 2153 1608 2214 neque
1631 2133 1802 2193 ullam

243 2226 319 2280 40
353 2235 489 2277 esse
512 2215 864 2295 voluptatem
885 2215 1152 2295 liquidam
1173 2237 1485 2297 puramque
1511 2218 1795 2298 relinquit.

2081 192 2170 258 63

351 2318 478 2360 nam
510 2299 662 2379 quod
683 2318 862 2379 saepe
892 2299 1149 2361 homines
1175 2303 1406 2363 morbos
1431 2305 1611 2381 magis
1642 2323 1776 2365 esse
1800 2301 2084 2366 timendos

348 2383 728 2463 infamemque
751 2384 939 2444 ferunt
963 2387 1131 2445 vitam
1156 2387 1323 2464 quam
1351 2385 1582 2447 Tartara
1607 2387 1741 2464 leti,

349 2477 410 2528 et
435 2486 501 2527 se
531 2470 682 2528 scire
713 2469 927 2528 animae
955 2478 1204 2529 naturam
1229 2472 1518 2547 sanguinis
1549 2490 1682 2532 esse
1701 2518 1718 2547 ‚

347 2553 637 2611 autetiam
663 2553 850 2628 venti,
882 2554 931 2612 si
955 2552 1066 2613 fert
1088 2554 1163 2613 ita
1189 2552 1339 2613 forte
1364 2554 1625 2616 voluntas
1644 2602 1662 2632 ‚

239 2645 313 2697 45
346 2653 462 2711 nec
480 2652 716 2714 prosum
747 2638 1047 2715 quicquam
1068 2646 1299 2697 nostrae
1324 2637 1555 2698 rationis
1581 2658 1760 2715 egere
1780 2686 1796 2715 ‚

347 2719 482 2778 hinc
503 2717 646 2780 licet
667 2719 932 2782 advertas
961 2723 1199 2781 animum
1222 2723 1403 2798 magis
1429 2724 1612 2781 omnia
1631 2722 1810 2783 laudis

350 2804 548 2862 iactari
571 2820 744 2864 causa
773 2822 938 2883 quam
959 2803 1112 2883 quod
1136 2823 1232 2866 res
1257 2807 1384 2884 ipsa
1410 2806 1701 2885 probetur.

352 2895 616 2948 extorres
648 2887 797 2947 idem
829 2890 1007 2966 patria
1036 2887 1329 2969 longeque
1355 2889 1533 2967 fugati

352 2980 672 3049 conspectu
697 2989 773 3031 ex
792 2970 1075 3032 hominum
1091 3018 1110 3049 ‚
1136 2973 1349 3034 foedati
1379 2974 1607 3033 crimine
1631 2974 1812 3053 turpi,

242 3064 318 3116 50
349 3055 610 3115 omnibus
637 3057 883 3116 erumnis
905 3055 1118 3116 adfecti
1141 3056 1389 3136 denique
1415 3059 1649 3136 vivunt,

352 3147 411 3199 et
435 3156 800 3219 quocumque
812 3148 1009 3202 tamen
1038 3142 1231 3201 miseri
1253 3159 1468 3201 venere
1493 3150 1790 3220 parentant

352 3232 411 3282 et
434 3225 629 3301 nigras
653 3233 898 3285 mactant
921 3222 1267 3303 pecudeset
1289 3225 1533 3284 manibu'
1565 3225 1709 3285 divis

349 3305 583 3367 inferias
608 3308 863 3385 mittunt,
886 3306 1178 3385 multoque
1204 3309 1261 3366 in
1282 3307 1458 3369 rebus
1492 3308 1717 3367 acerbis

350 3392 539 3451 acrius
570 3390 871 3451 advertunt
894 3394 1108 3451 animos
1134 3389 1203 3449 ad
1226 3390 1584 3468 religionem.

242 3484 317 3535 55
351 3492 467 3553 quo
492 3475 674 3553 magis
698 3475 754 3533 in
783 3473 963 3534 dubiis
988 3474 1269 3536 hominem
1295 3483 1563 3553 spectare
1585 3468 1820 3548 periclis
