2409 3825
131 194 253 265 ci]
994 192 1228 251 mena.
1585 253 1590 256 ,
1988 186 2076 252 69

135 354 316 419 Dum
357 355 480 419 tibi
519 376 624 420 me
664 376 872 439 purgo
915 376 1035 420 nec
1076 376 1341 438 possum
1383 356 1636 422 fletibus
1678 358 1828 422 ullis
2041 368 2076 417 5

228 438 579 504 'Pantillum
625 442 876 504 vostrae
919 439 1169 504 demere
1213 441 1527 505 saevitiae.

135 522 319 589 Nam
362 523 549 587 simul
591 523 658 587 id
701 524 1031 603 factumst,
1073 524 1293 589 multis
1336 524 1538 589 diluta
1580 526 1811 591 labella

231 607 556 672 Abstersti
596 609 800 692 guttis
844 607 1140 672 omnibus
1182 609 1500 693 articulis,

138 691 210 758 Ν
213 713 250 755 e
293 692 630 775 quicquam
669 695 893 756 nostro
937 695 1336 757 contractum
1378 714 1458 758 ex
1498 715 1610 758 ore
1652 697 1967 777 maneret,

232 774 583 859 Tamquam
627 776 982 840 conmictae
1023 796 1254 860 spurca
1296 777 1494 841 saliva
1535 778 1740 861 lupae.
2009 790 2078 839 ιο
2159 837 2164 842 ,

28 905 31 906 ⁷
139 860 486 925 Praeterea
526 860 764 924 infesto
805 860 1109 924 miserum
1150 882 1257 925 me
1296 861 1545 926 tradere
1586 864 1817 927 Amori

232 942 387 1009 Non
431 944 692 1009 cessasti
734 942 1035 1026 omnique
1077 945 1436 1009 excruciare
1477 945 1666 1011 modo
1681 996 1698 1028 ‚

140 1027 242 1094 Vt
283 1028 372 1092 mi
416 1050 493 1092 ex
534 1028 861 1093 ambrosia
893 1029 1209 1094 mutatum
1250 1030 1379 1094 iam
1421 1030 1591 1096 foret
1630 1029 1789 1096 illud

236 1110 603 1177 Suaviolum
643 1111 814 1176 tristi
855 1112 1102 1178 tristius
1143 1111 1487 1179 helleboro.

142 1195 358 1273 Quam
402 1196 704 1279 quoniam
745 1218 1020 1280 poenam
1061 1196 1296 1263 misero
1337 1199 1646 1283 proponis
1688 1199 1891 1264 amori
1904 1248 1923 1280 ‚
2012 1209 2076 1259 15

235 1279 602 1364 Numquam
645 1281 770 1345 iam
814 1279 1081 1364 posthac
1124 1282 1303 1346 basia
1345 1282 1699 1365 surripiam.

1078 1471 1155 1546 C.

147 1584 410 1652 Caelius
454 1585 820 1651 Aufilenum
863 1589 930 1652 et
972 1585 1270 1664 Quintius
1314 1585 1675 1652 Aufilenam

241 1668 392 1734 Flos
435 1667 880 1735 Veronensum
923 1670 1274 1754 depereunt
1313 1670 1642 1753 iuvenum,

148 1752 285 1819 Hic
326 1754 619 1837 fratrem,
662 1754 773 1818 ille
816 1775 1118 1820 sororem.
1177 1754 1302 1820 hoc
1331 1758 1459 1902 eslii,
1486 1752 1675 1903 dquod
1703 1752 1954 1835 dicitur,

1368 1859 1391 1900 1
1443 1860 1484 1901 u

243 1922 620 1987 Fraternum
662 1943 808 1987 vere
852 1923 1035 1988 dulce
1080 1923 1463 1988 sodalitium.

152 2007 280 2074 Oui
322 2007 570 2071 faveam
611 2006 869 2090 potius?
931 2007 1136 2090 Caeli,
1180 2008 1332 2072 tibi:
1375 2028 1529 2071 nam
1569 2010 1680 2071 tua
1721 2006 1910 2070 nobis
2047 2017 2084 2067 5

244 2091 369 2156 Per
408 2091 579 2155 facta
621 2090 962 2157 exhibitast
1002 2092 1190 2157 unica
1231 2092 1538 2172 amicitia,

154 2175 325 2242 Cum
368 2196 603 2239 vesana
643 2196 817 2239 meas
859 2180 1131 2240 torreret
1170 2175 1429 2240 flamma
1468 2173 1797 2239 medullae.

247 2259 348 2326 Sis
392 2259 545 2324 felix
554 2308 576 2343 ‚
621 2258 827 2344 Caeli,
873 2261 961 2324 sis
1004 2261 1072 2323 in
1118 2280 1332 2324 amore
1373 2264 1622 2343 potens.

1062 2448 1174 2523 CI.

156 2565 402 2633 Multas
442 2585 560 2648 per
599 2566 824 2649 gentes
867 2568 934 2628 et
973 2562 1177 2627 multa
1217 2584 1334 2647 per
1375 2584 1649 2646 aequora
1689 2566 1909 2626 vectus

251 2649 543 2714 Advenio
584 2647 701 2713 has
743 2648 1037 2728 miseras,
1081 2647 1309 2730 frater,
1354 2646 1433 2711 ad
1475 2647 1766 2731 inferias,

158 2735 260 2800 Vt
299 2737 365 2797 te
407 2737 727 2816 postremo
770 2732 1075 2796 donarem
1115 2752 1376 2795 munere
1416 2732 1642 2795 mortis

249 2817 341 2884 Et
382 2821 624 2882 mutam
663 2816 1050 2901 nequiquam
1093 2815 1468 2898 adloquerer
1511 2815 1816 2896 cinerem,
2077 2849 2082 2853 ·

163 2901 695 2986 Quandoquidem
737 2900 997 2965 fortuna
1038 2898 1200 2963 mihi
1240 2903 1373 2964 tete
1416 2898 1683 2963 abstulit
1721 2900 1963 2983 ipsum,
2060 2909 2092 2958 5

253 2986 401 3052 Heu
440 2989 635 3050 miser
673 2984 938 3069 indigne
980 2984 1179 3048 frater
1221 2983 1513 3067 adempte
1556 2982 1735 3047 mihi.

887 3085 924 3124 a:
1338 3084 1375 3123 a:

126 3162 147 3176 .
1133 3132 1170 3170 t

167 3191 362 3261 Nunc
381 3193 598 3255 tamen
619 3188 866 3253 interea
881 3185 1040 3250 haec
1060 3186 1272 3270 prisco
1296 3206 1455 3268 quae
1476 3205 1652 3249 more
1674 3185 2013 3268 parentum

257 3275 516 3340 Tradita
558 3277 710 3337 sunt
747 3271 963 3336 tristes
1005 3289 1273 3334 munera
1314 3269 1395 3332 ad
1437 3268 1729 3352 inferias,

175 3360 413 3444 Accipe
455 3359 738 3423 fraterno
781 3355 1056 3420 multum
1097 3353 1423 3417 manantia
1463 3352 1618 3416 fletu
1629 3400 1648 3433 ,

257 3446 470 3530 Atque
512 3444 584 3508 in
625 3443 998 3527 perpetuom
1016 3487 1034 3522 ‚
1078 3438 1306 3519 frater,
1351 3458 1465 3501 ave
1508 3440 1696 3519 atque
1738 3434 1900 3498 vale.
2033 3446 2100 3494 ιο
