2409 3825
947 180 1360 229 PRAEFATIO.
1399 237 1410 248 .
2010 184 2141 231 XIII

180 359 243 417 p.
274 338 397 398 317
428 339 603 418 quasi
632 337 907 396 divinans
936 356 1084 415 prae
1113 356 1210 396 me
1238 337 1379 409 tuli,
1414 355 1574 396 nunc
1611 337 1963 415 planissime
1997 358 2136 398 con·

181 422 481 480 firmatum
521 421 864 493 videamus,
914 419 1208 500 quidquid
1254 420 1334 478 ad
1366 421 1565 479 Persii
1610 422 1869 480 salutem
1907 423 2135 481 facien-

182 504 326 564 dum
366 513 583 577 restet,
623 505 809 563 multo
846 503 1039 562 minus
1088 503 1168 561 ad
1214 504 1406 563 critici
1449 523 1629 583 quam
1674 504 1753 562 ad
1794 505 2138 584 interpretis

182 588 451 648 officium
498 588 824 666 pertinere.
906 587 1235 666 Interpreti
1273 588 1433 646 enim
1482 607 1665 667 quum
1710 587 1937 646 multae
1980 588 2138 649 aliae

181 670 608 743 difficultates,
657 690 815 750 quae
862 668 1074 729 Persio
1118 690 1252 730 cum
1293 670 1511 729 ceteris
1558 689 1703 729 suae
1746 671 1963 729 aetatis
1995 673 2136 729 scii·

178 754 455 834 ptoribus
502 760 563 813 et
596 755 796 832 poe'tis
826 771 1182 815 communes
1228 761 1396 825 sunt,
1435 762 1561 811 tum
1604 754 1759 812 haec
1812 754 2138 832 peculiaris

181 833 482 915 objicitur,
501 840 671 936 cujus
687 836 853 895 haud
876 837 1001 895 scio
1037 855 1116 896 an
1135 856 1321 894 unum
1333 837 1491 895 inter
1503 846 1746 896 veteres
1760 837 2140 896 Heraclitum

178 920 516 999 Ephesium
546 913 648 979 τὸν
680 909 976 978 σκοτεινόν
1006 920 1378 999 appellatum
1400 918 1506 978 ille
1536 919 1836 979 aeniulum
1863 919 2146 979 habuerit

181 1002 289 1081 (cf.
322 1003 571 1063 Aristot.
601 1003 851 1063 Rhetor.
883 1002 998 1060 ΙΠ,
1026 1002 1083 1060 5.
1112 1002 1168 1076 6,
1195 1004 1433 1062 Theon.
1456 1001 1785 1080 Progymn.
1821 1003 1897 1061 14
1928 1002 2138 1081 518),

176 1095 249 1145 ut
288 1088 515 1164 passim
549 1087 798 1165 ancipiti
844 1095 905 1145 et
948 1086 1203 1145 obscura
1235 1087 1720 1167 interpunctione
1760 1086 2027 1162 laboret,
2078 1088 2142 1145 in

180 1170 394 1228 critica
422 1189 567 1229 vero
600 1169 934 1228 factitanda
967 1171 1101 1246 conj
1110 1171 1394 1228 ectariam
1424 1189 1600 1248 opem
1631 1171 1737 1228 vix
1766 1190 1919 1229 unus
1960 1172 2136 1229 alter-

181 1272 303 1332 que
336 1253 507 1312 locus
538 1253 862 1326 desiderat,
892 1253 956 1310 in
982 1253 1311 1311 lectionum
1341 1261 1543 1312 autem
1574 1254 1891 1326 varietate,
1924 1256 1975 1312 si
2007 1254 2139 1333 quis

196 1355 335 1394 iana
368 1344 427 1395 et
454 1337 801 1414 incorrupta
820 1336 922 1394 via
944 1335 1207 1408 incedat,
1242 1346 1366 1394 tam
1385 1355 1523 1394 raro
1554 1336 1849 1409 haerebit,
1864 1345 1930 1395 ut
1960 1357 2142 1416 quum

180 1427 326 1477 ante
371 1419 480 1478 hos
526 1418 843 1478 duodecim
898 1438 1087 1477 annos
1139 1438 1254 1496 ego
1296 1417 1343 1477 J
1345 1419 1681 1498 ahniusque
1737 1438 1844 1477 suo
1883 1428 2141 1499 uterque

11 1507 38 1536 >
184 1504 201 1518 .
294 1503 308 1516 .
351 1503 366 1518 .
1544 1502 1559 1516 .
1956 1503 1970 1517 .

169 1501 632 1658 ffisssszigffl
647 1500 1263 1664 Ιξέἳὲἒῗζῇἓᾚῗὲξῧ
1288 1520 1868 1664 ἶὶῗιῖἔὲζθῗέἓξῖἑὸ
1883 1503 2142 1664 Ῥῗὲῗέηἰ

180 1668 320 1726 aliis
375 1668 472 1727 usi
521 1669 584 1727 in
628 1668 937 1746 plerisque
992 1666 1071 1725 ad
1116 1666 1362 1726 easdem
1400 1666 1696 1726 lectiones
1751 1668 2139 1738 deferremnr,

178 1770 343 1810 nunc
374 1756 601 1823 autem,
639 1758 958 1829 postquam
989 1757 1049 1809 et
1089 1747 1316 1809 Jahnio
1343 1750 1409 1808 in
1453 1749 1717 1810 editione
1751 1752 1978 1810 minore
2007 1771 2143 1810 mea

183 1842 247 1892 et
285 1833 434 1892 mihi
478 1833 789 1892 Jahniana
827 1832 1093 1892 subsidia
1125 1842 1369 1913 praesto
1400 1834 1669 1907 fuerunt,
1700 1834 1921 1913 oppido
1961 1836 2143 1914 pauci

184 1925 246 1977 et
269 1918 481 1976 minuti
502 1916 622 1977 loci
643 1925 903 1990 restent,
934 1917 997 1976 in
1027 1917 1245 1997 quibus
1267 1917 1412 1975 mihi
1433 1917 1510 1976 ab
1539 1917 1643 1976 illo
1670 1916 2142 1977 dissentiendum

179 2003 380 2059 visum
423 2002 518 2059 sit.
592 2000 826 2058 Horum
875 2001 1057 2077 igitur
1103 2001 1552 2060 enumeratione
1598 2000 1740 2059 huic
1780 2002 2144 2079 praefationi

181 2083 410 2143 finem
393 2102 723 2161 1mponam,
766 2084 852 2144 ita
886 2093 1116 2157 tamen,
1123 2092 1242 2156 ut,
1274 2100 1353 2143 ne
1390 2084 1522 2164 quis
1549 2103 1645 2143 me
1678 2084 2142 2144 commentorum

181 2187 453 2226 meorum
482 2167 853 2226 tenaciorem
884 2186 1020 2226 esse
1051 2168 1383 2238 existimet,
1419 2165 1594 2225 simul
1626 2187 1730 2226 eos
1759 2167 2141 2241 admisceam,

180 2252 248 2308 in
280 2249 497 2329 quibus
528 2270 689 2309 nunc
718 2250 850 2328 ipse
893 2248 941 2309 J
943 2250 1122 2310 ahmo
1160 2258 1406 2309 auctore
1450 2250 1562 2308 ab·
1566 2250 1673 2323 iis,
1721 2270 1877 2331 quae
1918 2252 1982 2310 in
2021 2252 2140 2311 Le-

187 2332 484 2392 ctionibus
513 2332 824 2392 Persianis
855 2353 1306 2412 proposueram,
1342 2333 1612 2391 discessi.

352 2416 517 2475 Prol.
542 2416 580 2474 4
600 2418 991 2474 Heliconiadas
1015 2417 1187 2476 Lect.
1219 2417 1332 2489 III,
1357 2438 1418 2495 p.
1453 2415 1509 2489 2,
1539 2419 1892 2477 Heliconidas
1920 2417 1968 2478 J
1969 2419 2140 2494 ahn.;

184 2497 334 2559 mihi
361 2508 542 2577 poeta
578 2499 882 2578 epicorum
909 2520 1189 2559 numeros
1226 2499 1563 2577 dactylicos
1593 2502 1942 2579 respexisse
1971 2501 2141 2561 vide-

184 2592 304 2641 tur.
341 2615 425 2625 —
451 2582 528 2642 V.
562 2581 599 2641 9
634 2587 928 2657 pic-amque
959 2591 1019 2642 et
1057 2580 1137 2641 12
1172 2586 1447 2658 refulgeat
1484 2603 1536 2641 c.
1567 2582 1614 2642 J
1616 2584 1829 2661 ahnio;
1876 2585 2017 2643 olim
2047 2591 2142 2658 pi-

184 2683 389 2739 cesque
421 2673 483 2725 et
510 2668 809 2739 refulserit.
855 2698 938 2709 —
982 2664 1109 2735 Sat.
1140 2666 1192 2724 Ι.
1237 2666 1275 2726 6
1319 2682 1616 2725 examenve
1643 2667 1815 2725 Lect.
1855 2666 1939 2740 H,
1980 2689 2040 2747 p.
2086 2665 2141 2740 8,

184 2766 528 2823 examenque
555 2747 742 2808 Jahn.
777 2783 860 2793 —-
890 2749 969 2809 V.
1015 2747 1052 2809 8
1087 2752 1161 2806 ah
1192 2770 1244 2807 c.
1276 2748 1324 2809 J
1325 2748 1537 2824 ahniot,
1584 2749 1726 2808 olim
1754 2759 1828 2808 at.
1876 2784 1959 2794 ——
1995 2750 2073 2809 V.
2104 2750 2143 2810 9

184 2828 332 2899 tune,
358 2851 479 2892 non
505 2840 635 2905 tum,
662 2842 908 2911 propter
938 2833 1317 2913 sequentium
1346 2833 1890 2911 interpunctionem
1924 2833 2146 2892 dudum

186 2935 224 2974 a
258 2935 354 2974 me
389 2914 879 2990 commendatam,
901 2915 1006 2974 ubi
1033 2937 1093 2975 v.
1131 2916 1198 2974 11
1235 2927 1366 2975 tunc
1395 2917 1586 2975 nostri
1618 2916 2002 2995 epanalepsis
2034 2924 2143 2975 est.

184 3032 271 3042 —-
296 2999 373 3058 V.
409 2998 484 3057 14
517 3002 663 3073 quod
689 3000 1236 3074 retinui3Jahn1us
1270 3019 1405 3074 qua,
1452 2998 1615 3079 quod
1652 3000 1972 3058 manifesto
2015 3019 2141 3059 cor-

182 3082 427 3141 rectori
449 3081 730 3157 debetur3
779 3103 1123 3165 quanquam
1161 3083 1322 3142 hunc
1355 3090 1607 3142 excusat
1636 3082 1819 3141 lectio
1857 3103 1917 3140 v.
1961 3074 2037 3141 17
2068 3083 2144 3142 ab

186 3185 261 3225 eo
290 3172 540 3243 recepta
569 3170 727 3241 leyes,
755 3166 862 3225 ubi
892 3187 997 3226 cur
1029 3186 1140 3243 ego
1173 3171 1355 3241 legens
1386 3166 1773 3238 servaverim,
1810 3164 1939 3223 dixi
1968 3166 2143 3226 Lect.

184 3247 269 3320 11,
300 3269 361 3327 p.
396 3246 494 3306 12.
525 3250 713 3310 —-·-V.
740 3248 819 3309 32
850 3256 1004 3309 circa
1035 3268 1085 3309 c.
1116 3248 1377 3324 Jahni03
1414 3249 1554 3307 olim
1585 3253 1809 3307 circum.
1839 3281 1922 3292 —-
1950 3232 2029 3309 V.
2065 3248 2145 3309 66

185 3335 418 3406 dirigat,
448 3352 570 3390 non
603 3336 842 3407 deriyat,
876 3350 1011 3393 cum
1046 3331 1250 3391 Schol.
1293 3341 1353 3392 et
1391 3332 1588 3390 libris
1608 3332 1900 3409 plurimis.
1943 3366 2025 3376 —-
2064 3331 2142 3391 V.

190 3414 273 3474 74
304 3433 554 3489 quem...
579 3419 903 3474 dictaturam
932 3416 1104 3475 Lect.
1136 3415 1219 3489 H,
1250 3437 1310 3494 p.
1356 3413 1463 3489 203
1496 3423 1729 3473 vestem
1770 3414 2146 3479 dictatoriam

189 3502 517 3558 dictaturam
547 3499 819 3580 appellat
837 3500 1017 3560 etiam
1029 3496 1188 3559 Plin.
1221 3499 1300 3559 N.
1324 3498 1484 3558 Hist.
1516 3496 1755 3559 XVIII.
1787 3495 1824 3556 3
1856 3505 1907 3565 5.
1932 3494 2031 3554 20.
2062 3529 2137 3539 -
