2409 3825
1050 185 1131 244 lv
1768 250 1769 253 ,
1984 191 2102 255 119

25 406 28 423 Γ
266 351 421 434 quod
445 350 611 412 simul
636 360 807 430 atque
832 353 951 413 suis
982 354 1231 414 eiectum
1252 350 1485 413 sedibus
1511 357 1659 431 exit,

25 476 28 495 ,
103 447 230 500 1035
262 455 370 517 per
390 436 644 496 membra
674 445 844 514 atque
866 447 1019 497 artus
1050 435 1280 497 decedit
1310 453 1555 516 corpore
1581 447 1735 519 toto,

262 524 322 581 in
348 519 483 579 loca
511 521 862 580 conveniens
885 538 1189 581 nervorum
1221 530 1377 581 certa
1395 566 1413 598 ‚
1449 523 1678 602 cietque

267 605 535 665 continuo
566 605 743 682 partis
767 603 1031 681 genitalis
1065 607 1326 683 corporis
1348 606 1524 683 ipsas.

263 689 482 747 inritata
505 696 720 746 tument
738 686 870 747 loca
898 690 1115 749 semine
1130 734 1149 766 ‚
1175 689 1349 766 fitque
1372 688 1631 748 voluntas

269 773 464 831 eicere
485 769 543 829 id
573 788 686 850 quo
716 790 781 831 se
807 772 1097 833 contendit
1121 770 1239 832 dira
1262 771 1455 833 lubido
1473 818 1491 850 ,

25 924 26 937 χ
98 865 237 919 1040
267 855 439 934 idque
461 857 605 933 petit
630 872 839 934 corpus
856 902 874 933 ‚
906 875 1067 916 mens
1096 856 1244 916 unde
1268 865 1357 915 est
1381 858 1571 916 saucia
1594 874 1815 918 amore:

168 994 174 999 .
265 957 508 1017 namque
540 943 738 999 omne's
762 938 1099 1020 plerumque
1125 941 1328 1000 cadunt
1352 940 1407 998 in
1434 939 1671 1018 vulnus,
1704 952 1761 1002 et
1787 942 1937 1003 illam

268 1024 476 1081 emicat
498 1024 554 1081 in
583 1032 802 1101 partem
822 1026 1053 1101 sanguis
1069 1070 1087 1102 ‚
1112 1023 1261 1083 unde
1285 1025 1482 1082 icimur
1499 1026 1615 1085 ictu
1630 1069 1649 1101 ‚

268 1105 328 1166 et
352 1108 400 1166 si
424 1107 733 1167 comminus
764 1117 887 1185 est,
914 1107 1344 1169 hostem'ruber
1364 1117 1606 1186 occupat
1632 1127 1806 1168 umor.

25 1246 26 1249 ,
270 1191 548 1268 sicigitur
571 1188 817 1252 Veneris
844 1194 937 1270 qui
966 1191 1099 1252 telis
1123 1193 1333 1270 accipit
1359 1193 1507 1252 ictus
1523 1238 1540 1270 ,

25 1334 28 1337 ,
98 1285 237 1339 1045
271 1276 394 1335 sive
417 1292 562 1352 puer
581 1275 848 1336 membris
873 1274 1243 1336 muliebribus
1264 1274 1414 1334 hunc
1438 1275 1714 1336 iaculatur

272 1376 376 1419 seu
397 1354 601 1418 mulier
622 1366 746 1418 toto
768 1361 984 1420 iactans
1007 1377 1309 1438 etcorpore
1332 1375 1577 1419 amorem
1594 1405 1612 1438 ,

270 1441 416 1500 unde
442 1442 677 1520 feritur,
707 1461 780 1503 eo
808 1444 1020 1522 tendit,
1044 1445 1336 1523 gestitque
1363 1444 1518 1503 coire

270 1532 331 1587 et
353 1527 542 1585 iacere
565 1544 820 1587 umorem
848 1529 905 1588 in
932 1546 1142 1607 corpus
1166 1526 1238 1588 de
1265 1544 1507 1604 corpore
1535 1527 1793 1594 ductum:

269 1626 511 1687 namque
531 1609 882 1689 voluptatem
906 1600 1195 1692 firaesagit
1224 1621 1375 1671 muta
1404 1610 1627 1689 cupido.

25 1708 28 1711 '
96 1704 241 1758 1050
350 1692 509 1752 Haec
531 1692 731 1755 Venus
756 1704 846 1755 est
872 1697 1067 1756 nobis:
1091 1695 1222 1755 hinc
1244 1704 1488 1755 autemst
1510 1711 1733 1754 momen
1758 1697 1995 1775 amoris,

266 1776 399 1836 hinc
422 1774 606 1836 illaec.
625 1781 861 1855 primum
881 1778 1127 1839 Veneris
1158 1778 1473 1839 dulcedinis
1498 1780 1553 1838 in
1581 1796 1682 1838 cor

272 1859 504 1921 stillavit
522 1870 713 1941 gutta,
740 1872 798 1924 et
823 1865 1109 1925 successit
1133 1863 1339 1942 frigida
1363 1881 1524 1924 cura:

270 1963 397 2004 nam
421 1947 470 2005 si
493 1946 658 2006 abest
684 1947 834 2026 quod
855 1966 993 2010 aves
1009 1995 1027 2026 ‚
1051 1958 1283 2027 praesto
1312 1946 1609 2008 simulacra
1632 1958 1815 2008 tamen
1841 1959 1971 2009 sunt

270 2028 422 2089 illius
447 2039 507 2089 et
524 2048 733 2092 nomen
760 2031 928 2093 dulce
956 2034 1294 2093 obversatur
1320 2031 1391 2091 ad
1413 2033 1580 2092 auris.

25 2117 32 2186 ξ’
96 2126 237 2178 1055
271 2111 377 2174 sed
398 2112 643 2190 fugitare
670 2115 839 2176 decet
863 2116 1162 2177 simulacra
1193 2126 1253 2176 et
1279 2115 1482 2194 pabula
1510 2120 1714 2177 amoris

25 2211 26 2218 ¹
271 2196 602 2258 absterrere
626 2200 735 2260 sibi
759 2210 930 2280 atque
953 2202 1065 2262 alio
1095 2211 1435 2261 convertere
1459 2210 1705 2261 mentem

273 2291 332 2341 et
354 2281 547 2342 iacere
573 2302 826 2344 umorem
852 2284 1175 2346 conlectum
1197 2286 1253 2343 in
1286 2301 1528 2364 corpora
1551 2302 1811 2365 quaeque
1830 2332 1845 2362 ,

270 2384 384 2425 nec
406 2367 658 2427 retinere
676 2413 694 2445 ‚
722 2368 903 2429 semel
928 2387 1268 2430 conversum
1290 2372 1452 2430 unius
1475 2386 1665 2429 amore
1682 2414 1700 2447 ,

272 2458 331 2509 et
353 2468 588 2511 servare
611 2452 718 2512 sibi
746 2470 934 2513 curam
958 2463 1291 2533 certumque
1314 2452 1598 2513 dolorem:

96 2544 239 2599 1060
272 2532 440 2593 ulcus
472 2537 621 2594 enim
650 2537 895 2598 vivescit
918 2546 977 2597 et
1005 2533 1374 2598 inveterascit
1396 2535 1636 2614 alend0,

271 2619 444 2695 inque
467 2616 590 2678 dies
611 2618 806 2697 gliscit
831 2621 988 2681 furor
1007 2631 1177 2702 atque
1200 2637 1462 2681 aerumna
1479 2621 1800 2698 gravescit,

273 2702 322 2761 si
346 2718 461 2760 non
485 2703 662 2781 prima
680 2707 844 2765 novis
871 2707 1180 2766 conturbes
1199 2703 1438 2764 volnera
1459 2703 1645 2783 plagis

270 2784 694 2866 volgivagaque
717 2806 897 2867 vagus
919 2789 1150 2850 Venere
1172 2797 1302 2848 ante
1328 2789 1583 2849 recentia
1608 2806 1775 2848 cures
1850 2823 1857 2829 ·

270 2877 367 2928 aut
386 2868 500 2929 alio
523 2873 716 2949 possis
738 2875 903 2933 animi
926 2874 1228 2934 traducere
1251 2882 1456 2933 motus.

25 3015 28 3034 2
97 2962 238 3015 1065
353 2950 483 3013 Nec
503 2953 750 3016 Veneris
771 2957 957 3018 fructu
982 2967 1137 3019 caret
1162 2958 1213 3017 is
1240 2957 1335 3035 qui
1361 2957 1498 3017 vitat
1517 2973 1766 3015 amorem
1782 3001 1801 3032 ‚
1856 3002 1871 3010 ,.

275 3036 381 3097 sed
404 3040 595 3117 potius
618 3058 762 3119 quae
786 3052 915 3104 sunt
937 3044 1060 3103 sine
1086 3058 1273 3121 poena
1295 3038 1587 3101 commoda
1611 3040 1805 3100 sumit:

271 3139 398 3180 nam
431 3133 591 3183 certe
613 3133 809 3202 purast
829 3128 980 3187 sanis
1002 3128 1181 3204 magis
1204 3125 1337 3185 inde
1360 3122 1624 3200 voluptas

273 3223 439 3283 quam
460 3209 703 3268 miseris,
729 3212 940 3269 etenim
968 3210 1224 3289 potiundi
1246 3220 1506 3288 tempore
1528 3209 1584 3268 in
1608 3209 1736 3286 ipso

25 3359 28 3366 k
273 3289 505 3350 fluctuat
532 3292 769 3352 incertis
794 3294 1082 3356 erroribus
1106 3293 1276 3353 ardor
1299 3300 1571 3352 amantum
1590 3337 1610 3368 ‚

97 3380 235 3435 1070
265 3391 378 3434 nec
404 3384 633 3436 constat
658 3376 792 3455 quid
814 3380 1051 3456 primum
1073 3377 1257 3436 oculis
1278 3376 1647 3454 manibusque
1672 3374 1943 3436 fruantur.

270 3458 425 3537 quod
447 3462 671 3538 petiere
689 3505 708 3537 ‚
738 3469 1001 3538 premunt
1021 3470 1140 3522 arte
1159 3506 1178 3539 ‚
1211 3459 1537 3536 faciuntque
1560 3457 1819 3517 dolorem
