2409 3825
325 195 448 260 132
1301 192 1354 246 V

494 363 589 441 qui
610 379 712 421 sua
735 369 1018 436 tutentur,
1045 358 1267 437 quando
1293 359 1550 420 omnibus
1575 360 1758 418 omnia
1778 358 1938 437 large

494 445 667 507 tellus
689 446 815 523 ipsa
839 445 982 521 parit
1005 452 1314 520 naturaque
1339 441 1575 503 daedala
1594 460 1803 502 rerum.
1834 443 1860 524 Η

368 540 473 593 235
584 529 870 605 Principio
904 527 1165 605 quoniam
1185 526 1355 585 terrai
1381 543 1593 605 corpus
1617 534 1676 586 et
1699 527 2001 586 umora*

494 630 863 690 aurarumque
889 609 1051 671 leves
1075 610 1289 669 animae
1316 608 1596 688 calidique
1616 628 1862 688 vapores
1878 657 1897 687 ‚

495 717 529 757 e
558 697 762 774 quibus
790 694 937 753 baec
959 711 1146 754 rerum
1168 694 1488 753 consistere
1511 711 1725 754 summa
1748 694 1972 754 videtur
1989 739 2008 766 ‚

498 780 680 839 omnia
701 779 889 838 nativo
913 795 979 836 ac
998 775 1226 836 mortali
1252 793 1499 854 corpore
1518 787 1785 838 constant
1800 823 1818 854 ,

499 864 672 923 debet
695 860 901 921 eodem
925 862 1103 920 omnis
1133 859 1321 918 mundi
1343 870 1539 920 natura
1560 861 1764 939 putari.

367 958 472 1012 240
502 948 713 1026 quippe
738 945 979 1020 etenim,
1008 961 1244 1022 quorum
1266 944 1440 1022 partis
1465 953 1523 1004 et
1544 944 1793 1004 membra
1817 945 2076 1004 videmus

503 1046 748 1107 corpore
778 1029 967 1087 nativo
998 1046 1065 1087 ac
1094 1026 1425 1088 mortalibus
1453 1046 1588 1088 esse
1616 1029 1843 1105 figuris,

497 1113 642 1172 haec
666 1111 864 1171 eadem
890 1110 1068 1171 ferme
1096 1109 1349 1170 mortalia
1379 1113 1659 1171 cernimus
1684 1130 1819 1171 esse

502 1206 561 1256 et
581 1197 766 1256 nativa
794 1195 976 1255 simul.
1005 1203 1353 1273 quapropter
1373 1195 1610 1254 maxima
1638 1194 1824 1254 mundi

505 1298 632 1340 cum
656 1279 875 1339 videam
904 1278 1152 1337 membra
1172 1296 1242 1337 ac
1269 1280 1444 1356 partis
1472 1287 1806 1356 consumpta
1828 1280 2058 1356 regigni
2074 1326 2093 1356 ‚

337 1406 338 1409 =
372 1375 473 1429 245
502 1366 652 1425 scire
686 1362 822 1423 licet
851 1360 995 1422 caeli
1026 1379 1254 1440 quoque
1277 1363 1412 1422 item
1440 1370 1743 1440 terraeque
1769 1361 1951 1425 fuisse

500 1445 837 1526 principiale
860 1445 1090 1523 aliquod
1113 1455 1338 1522 tempus
1365 1443 1700 1524 clademque
1729 1446 1968 1506 futuram

584 1530 731 1590 Illud
758 1532 812 1589 in
835 1529 924 1589 his
947 1528 1120 1589 rebus
1142 1547 1216 1588 ne
1244 1529 1592 1606 corripuisse
1614 1530 1791 1590 rearis

501 1635 592 1676 me
613 1614 779 1690 mihi,
806 1612 957 1692 quod
978 1620 1183 1671 terram
1204 1622 1376 1691 atque
1397 1614 1588 1689 ignem
1611 1612 1867 1673 mortalia
1889 1630 2106 1693 sumpsi

502 1719 635 1761 esse
654 1744 672 1776 ,
696 1715 884 1775 neque
909 1712 1161 1755 umorem
1188 1696 1435 1756 dubitavi
1459 1714 1738 1775 aurasque
1770 1698 1960 1775 perire
1977 1744 1997 1775 ‚

373 1795 483 1851 250,
503 1794 674 1862 atque
702 1781 901 1842 eadem
922 1781 1078 1856 gigni
1099 1797 1410 1857 rursusque
1432 1798 1752 1856 augescere
1776 1781 1923 1858 dixi,

502 1867 780 1947 principio
805 1882 935 1943 pars
960 1865 1127 1923 terrai
1150 1862 1416 1923 nonnulla
1432 1909 1450 1941 ‚
1475 1874 1707 1943 perusta

503 1949 720 2011 solibus
745 1947 1023 2024 adsiduis,
1050 1946 1224 2007 multa
1245 1948 1466 2027 pulsata
1489 1949 1697 2026 pedum
1717 1950 1809 2024 vi,
1896 1963 1899 1968 ·

504 2034 755 2113 pulveris
785 2031 1008 2091 exhalat
1036 2026 1299 2092 nebulam
1319 2031 1617 2110 nubesque
1644 2031 1885 2091 volantis
1902 2077 1920 2109 ,

507 2135 645 2197 quas
669 2116 839 2175 validi
861 2125 981 2175 toto
1007 2115 1341 2194 dispergunt
1362 2122 1498 2175 aere
1521 2117 1695 2175 venti.

375 2211 478 2264 255
506 2219 637 2280 pars
662 2202 827 2259 etiam
850 2198 1144 2275 glebarum
1164 2199 1235 2258 ad
1264 2199 1529 2259 diluviem
1550 2208 1855 2259 revocatur

504 2283 775 2343 imbribus
793 2327 811 2358 ,
836 2291 893 2341 et
917 2283 1068 2359 ripas
1090 2282 1343 2343 radentia
1365 2281 1588 2342 flumina
1607 2282 1827 2342 rodunt.

506 2374 804 2446 praeterea
831 2382 936 2444 pro
957 2375 1119 2444 parte
1144 2384 1276 2443 sua,
1308 2366 1707 2444 quodcumque
1730 2364 1841 2425 alid
1862 2376 2035 2442 auget
2050 2412 2068 2443 ,

505 2450 783 2510 redditur:
810 2458 868 2508 et
893 2451 1152 2527 quoniam
1177 2450 1349 2509 dubio
1374 2448 1575 2528 procul
1607 2468 1741 2510 esse
1769 2449 1995 2510 videtur

507 2535 865 2611 omniparens
897 2532 1096 2593 eadem
1118 2551 1307 2593 rerum
1331 2550 1627 2593 commune
1652 2533 1982 2612 sepulcrum
2001 2578 2019 2609 ,

382 2626 485 2681 260
510 2635 651 2694 ergo
674 2626 825 2676 terra
849 2617 949 2676 tibi
969 2616 1176 2676 libatur
1197 2626 1257 2676 et
1280 2626 1443 2676 aucta
1468 2618 1765 2677 recrescit.

590 2700 758 2773 Quod
776 2708 1081 2778 superest,
1105 2717 1300 2759 umore
1324 2717 1474 2760 novo
1501 2717 1654 2759 mare
1680 2699 1901 2759 flumina
1929 2699 2126 2762 fontes

511 2801 741 2863 semper
764 2782 1047 2843 abundare
1073 2794 1130 2844 et
1157 2782 1359 2843 latices
1382 2801 1606 2843 manare
1629 2783 1898 2861 perennis

508 2868 587 2927 nil
612 2885 755 2947 opus
778 2877 869 2927 est
892 2868 1117 2927 verbis:
1143 2884 1378 2944 magnus
1405 2866 1682 2927 decursus
1705 2883 1971 2945 aquarum

510 2950 757 3029 undique
786 2950 1053 3011 declarat.
1084 2950 1191 3011 sed
1213 2952 1449 3030 primum
1475 2949 1744 3029 quicquid
1766 2951 1930 3027 aquai

382 3044 485 3099 265
509 3033 725 3094 tollitur
740 3080 758 3112 ,
784 3036 839 3093 in
863 3051 1192 3112 summaque
1223 3035 1281 3093 fit
1305 3044 1366 3093 ut
1388 3033 1467 3093 nil
1494 3051 1656 3093 umor
1677 3032 1960 3109 abundet,

511 3119 711 3197 partim
734 3118 885 3196 quod
905 3117 1073 3177 validi
1094 3126 1394 3177 verrentes
1419 3134 1669 3195 aequora
1690 3118 1845 3176 venti

512 3202 815 3262 diminuunt
838 3200 1122 3279 radiisque
1147 3210 1419 3261 retexens
1444 3200 1732 3261 aetherius
1757 3197 1881 3274 sol,

510 3287 710 3362 partim
734 3283 883 3361 quod
911 3293 1110 3363 supter
1137 3301 1244 3363 per
1265 3294 1445 3344 terras
1475 3283 1682 3343 diditur
1704 3284 1916 3342 omnis:

513 3364 837 3443 percolatur
857 3368 1004 3425 enim
1025 3368 1180 3427 virus
1197 3411 1216 3443 ,
1239 3377 1511 3445 retroque
1536 3375 1786 3426 remanat

386 3456 489 3510 270
514 3450 777 3507 materies
803 3450 1010 3507 umoris
1034 3458 1091 3508 et
1115 3449 1185 3508 ad
1219 3459 1386 3527 caput
1408 3450 1661 3509 amnibus
1693 3450 1872 3508 omnis
