2409 3825
1062 223 1113 282 V

47 380 50 387 f
123 400 225 454 195
342 389 512 464 Quod
534 392 593 452 si
612 391 719 450 iam
746 409 933 451 rerum
964 391 1222 468 ignorem
1247 394 1550 470 primordia
1575 414 1719 474 quae
1746 397 1891 475 sint,

250 474 363 535 hoc
385 484 572 536 tamen
596 492 670 535 ex
690 476 831 552 ipsis
855 473 999 534 caeli
1021 476 1332 536 rationibus
1358 480 1534 537 ausim

252 558 584 618 confirmare
607 557 847 636 aliisque
877 576 952 617 ex
973 559 1147 619 rebus
1172 559 1417 620 reddere
1443 562 1631 623 multis
1647 608 1664 639 ‚

47 606 56 761 l
252 659 607 720 nequaquam
632 642 797 701 nobis
824 640 1085 702 divinitus
1114 661 1249 702 esse
1272 653 1519 720 paratam

47 780 50 803 ᾖ
250 733 502 785 naturam
523 743 741 784 rerum:
770 734 921 784 tanta
941 734 1052 784 stat
1074 725 1328 803 praedita
1349 726 1534 806 culpa.

121 819 227 870 200
249 810 532 887 principio
559 817 822 886 quantum
852 808 997 867 caeli
1017 810 1163 886 tegit
1185 811 1656 889 impetus‘ingens
1674 859 1692 891 ,

250 891 380 952 inde
402 892 567 952 avide
596 901 813 970 partem
834 902 1056 952 montes
1079 891 1374 972 silvaeque
1400 894 1643 955 ferarum

251 975 573 1054 possedere
589 1021 607 1052 ,
630 984 826 1035 tenent
846 993 1023 1053 rupes
1044 985 1356 1055 vastaeque
1382 977 1622 1057 paludes

47 1106 50 1135 ξ
251 1070 310 1119 et
330 1077 485 1119 mare
502 1105 521 1137 ,
554 1058 707 1137 quod
731 1057 846 1119 late
868 1067 1144 1118 terrarum
1167 1059 1395 1120 distinet
1420 1079 1593 1204 ota}-

246 1143 377 1202 inde
405 1142 544 1202 duas
565 1160 739 1221 porro
766 1159 951 1221 prope
975 1144 1151 1220 partis
1173 1142 1426 1205 fervidus
1450 1162 1512 1204 ar
1552 1164 1618 1204 or

47 1142 52 1343 Ι
119 1235 224 1287 205
254 1225 637 1304 adsiduusque
662 1224 779 1302 geli
807 1244 973 1286 casus
996 1225 1324 1287 mortalibus
1342 1228 1542 1288 aufert.

249 1309 402 1387 quod
422 1318 691 1388 superest
714 1311 865 1385 arvi,
892 1319 1079 1369 tamen
1105 1310 1162 1369 id
1188 1320 1384 1371 natura
1404 1330 1506 1372 sua
1527 1314 1588 1371 vi

250 1394 510 1454 sentibus
534 1392 814 1469 obducat,
839 1393 895 1451 ni
923 1394 1012 1453 vis
1041 1392 1279 1454 humana
1298 1396 1530 1456 resistat

249 1478 381 1537 vitai
407 1495 579 1536 causa
599 1475 789 1536 valido
815 1486 1089 1537 consueta
1111 1477 1325 1538 bidenti
1612 1538 1617 1543 ,

249 1561 544 1637 ingemere
567 1569 625 1619 et
650 1570 855 1620 terram
885 1561 1103 1639 pressis
1127 1563 1501 1639 proscindere
1524 1564 1718 1624 aratris

47 1686 50 1735 i
117 1653 223 1704 210
253 1645 300 1704 si
324 1661 439 1703 non
464 1643 737 1704 fecundas
763 1653 1057 1703 vertentes
1079 1662 1315 1706 vomere
1339 1645 1541 1723 glebas

250 1729 537 1805 terraique
562 1726 746 1787 solum
776 1727 1110 1804 subigentes
1144 1730 1322 1789 cimus
1347 1729 1416 1789 ad
1439 1739 1596 1790 ortus
1614 1775 1632 1807 ‚

47 1740 52 1893 >
251 1820 459 1889 sponte
482 1829 582 1871 sua
602 1821 887 1888 nequeant
912 1811 1151 1889 liquidas
1173 1814 1429 1872 existere
1451 1815 1508 1872 in
1531 1830 1692 1873 auras
1709 1859 1727 1891 ,

249 1903 309 1955 et
335 1904 522 1955 tamen
546 1890 826 1954 inter‘duln‘
841 1891 1046 1972 inagno
1060 1908 1068 1918 ·
1080 1897 1337 1974 quaesita
1364 1896 1564 1958 labore

253 1996 380 2037 eum
403 1980 512 2039 iam
536 1997 643 2057 per
664 1985 846 2038 terras
870 1978 1132 2039 frondent
1153 1990 1324 2059 atque
1347 1984 1529 2041 omnia
1553 1981 1789 2060 florent,

47 2065 48 2130 ζ
118 2070 224 2123 215
246 2071 338 2121 aut
361 2063 543 2122 nimiis
571 2071 751 2122 torret
773 2061 1094 2122 fervoribus
1117 2063 1404 2125 aetherius
1432 2065 1522 2125 sol

251 2155 345 2205 aut
366 2144 539 2206 subiti
572 2154 868 2224 peremunt
890 2145 1083 2206 imbris
1111 2147 1453 2226 gelidaeque
1480 2151 1712 2227 pruinae
1731 2195 1749 2227 ,

252 2228 543 2312 flabraque
564 2239 862 2288 ventorum
883 2228 1137 2290 violento
1161 2231 1386 2291 turbine
1411 2243 1696 2316 vexantzm

178 2384 183 2388 ,
252 2321 553 2391 praeterea
572 2331 756 2390 genus
781 2311 1117 2371 horriferum
1145 2324 1338 2374 natura
1364 2308 1613 2393 ferarum*

250 2396 523 2455 humanae
550 2398 709 2473 genti
733 2396 999 2455 infestum
1021 2405 1286 2475 terraque
1309 2401 1561 2477 marique

120 2488 225 2540 220
257 2496 358 2538 cur
382 2477 478 2538 alit
500 2487 670 2557 atque
693 2476 904 2556 auget?
929 2497 1031 2538 cur
1054 2482 1178 2539 anui
1203 2491 1460 2559 tempora
1483 2482 1713 2556 morbos

251 2559 591 2641 adportant?
613 2579 786 2641 quare
809 2580 962 2622 mors
988 2564 1256 2624 inmatura
1285 2563 1570 2641 vagaturZ

250 2654 371 2705 tum
390 2662 562 2724 porro
589 2663 733 2724 puer
748 2691 765 2722 ‚
790 2655 851 2705 ut
872 2647 1060 2707 saevis
1080 2649 1373 2725 proiectus
1393 2648 1462 2707 ab
1483 2642 1646 2708 undis

250 2730 438 2789 navita
455 2774 472 2805 ‚
498 2728 680 2789 nudus
707 2729 855 2788 humi
879 2731 1057 2806 iacet,
1081 2729 1264 2789 infans
1282 2776 1299 2807 ‚
1323 2730 1546 2807 indigus
1574 2733 1721 2790 omni

248 2812 406 2872 vitali
435 2811 643 2872 auxilio
660 2858 678 2889 ‚
706 2831 832 2873 cum
854 2814 1090 2891 primum
1112 2816 1167 2872 in
1187 2813 1408 2874 luminis
1438 2831 1566 2874 oras

121 2905 222 2958 225
249 2895 477 2955 nixibus
503 2913 579 2954 ex
605 2895 735 2955 alvo
763 2898 953 2955 matris
976 2905 1167 2956 natura
1190 2895 1469 2975 profudit,

256 2981 560 3057 vagituque
584 2971 774 3039 locum
801 2978 1027 3055 lugubri
1051 2979 1331 3059 complet,
1359 2991 1419 3041 ut
1444 2991 1740 3059 aequumst

254 3064 346 3123 cui
370 3070 582 3122 tantum
602 3064 657 3121 in
686 3064 799 3122 vita
818 3072 999 3122 restet
1020 3066 1263 3123 transire
1283 3063 1572 3125 malorum.

250 3154 306 3204 at
330 3146 518 3205 variae
545 3155 812 3205 crescunt
835 3144 1091 3223 pecudes
1113 3156 1360 3207 armenta
1385 3147 1658 3227 feraeque
1674 3194 1692 3225 ‚

251 3247 365 3289 nec
389 3227 758 3307 crepitacillis
784 3246 929 3306 opus
956 3237 1081 3306 est,
1104 3248 1217 3290 nec
1245 3231 1503 3309 cuiquam
1531 3231 1903 3292 adhibendast

122 3320 225 3374 230
249 3311 429 3372 almae
454 3313 689 3372 nutricis
714 3311 915 3372 blanda
936 3322 1106 3390 atque
1128 3313 1364 3374 infracta
1384 3313 1637 3394 loquella
1652 3360 1670 3391 ,

253 3414 364 3455 nee
390 3398 574 3455 varias
602 3404 877 3474 quaerunt
898 3404 1096 3456 vestes
1119 3414 1226 3474 pro
1247 3406 1507 3475 tempore
1532 3397 1710 3472 caeli,

47 3455 50 3650 ἱ
252 3479 499 3557 denique
521 3495 635 3539 non
658 3480 824 3538 armis
848 3494 992 3556 opus
1023 3487 1115 3539 est
1130 3523 1147 3555 ,
1173 3497 1285 3539 non
1305 3482 1600 3540 moenibus
1623 3480 1751 3618 εἰέῐξ
1769 3523 1789 3555 ,

1964 227 2079 294 131
