2409 3825
802 135 851 184 1.
910 136 1311 186 mmunss.
1353 133 1403 183 ⁷.
1446 133 1497 184 s.
2047 121 2089 186 7

164 273 357 338 rebus
423 270 827 337 discessisset.
927 292 1004 336 eo
1046 244 1332 356 tempore
1387 292 1576 358 aeger
1628 277 1766 337 erat
1815 273 2092 338 vulneri-

165 357 303 440 bus,
351 368 516 454 quae
567 356 641 420 in
684 353 1117 440 oppugnando
1163 355 1399 440 oppido
1443 361 1786 440 acceperat.
1871 359 2110 440 itaque„

162 461 313 504 cum
373 461 512 536 ipse
621 461 696 504 ro
759 460 828 503 se
891 439 1099 511 dicere
1160 461 1298 506 non
1362 444 1611 524 posset,
1688 442 1881 506 verba
1935 440 2093 506 fecit
2350 435 2352 485 ἶ

164 510 365 589 ffifer
407 544 544 587 ems
618 527 716 588 tes
802 544 964 589 oras.
1037 545 1229 588 causa
1269 525 1528 606 cognita
1569 524 1795 607 capitis
1838 524 2088 598 absolu·
2116 536 2152 589 6

164 612 270 673 tus
332 606 609 692 pecunia
670 628 781 672 mu
807 610 981 672 tatus
1044 610 1170 691 est,
1230 628 1429 691 eaque
1485 607 1565 673 116
1618 608 2093 693 quinquaginta

163 691 428 757 talentis
470 690 806 755 aestimata
869 695 996 770 est,
1043 695 1322 776 quantus
1364 692 1435 756 in
1478 692 1743 757 classem
1800 695 2092 776 sumptus

163 775 375 840 factus
431 778 585 840 erat.
685 775 853 839 hanc
905 776 1246 872 pecuniam
1289 775 1461 860 quod
1503 775 1749 840 solvere
1804 776 1875 840 in
1916 797 2093 860 prae-

164 860 381 931 sentia
416 881 556 924 non
595 863 867 943 poterat,
912 881 984 923 16
1026 861 1285 924 vincula
1324 859 1583 944 publica
1626 861 1951 927 coniectus
1995 864 2095 925 est

167 944 387 1029 ibique
429 943 600 1007 diem
644 943 806 1008 obiit
847 964 1233 1027 supremum.

333 1027 462 1092 Hic
505 1027 627 1092 etsi
669 1027 934 1091 crimine
961 1028 1154 1093 Pario
1199 1031 1298 1093 est
1325 1031 1673 1113 accusatus,
1704 1033 1922 1095 tamen
1963 1028 2092 1093 alia
2124 1027 2167 1094 8

165 1133 361 1177 causa
386 1111 515 1176 fuit
542 1111 990 1177 damnationis.
1054 1133 1333 1196 namque
1360 1113 1787 1179 Athenienses
1827 1115 2096 1198 propter

164 1196 490 1262 Pisistrati
525 1196 953 1279 tyrannidem,
998 1216 1162 1280 quae
1188 1198 1409 1280 paucis
1437 1198 1625 1261 annis
1668 1202 1817 1262 ante
1858 1198 2091 1280 fuerat,

166 1281 459 1345 omnium
530 1279 767 1343 civium
825 1300 1089 1343 suorum
1150 1282 1509 1363 potentiam
1572 1281 2089 1345 extimescebant.

164 1363 508 1447 Miltiades,
550 1364 825 1427 multum
866 1364 938 1427 in
979 1364 1265 1446 imPeriis
1307 1364 1909 1448 magistratibusque
1952 1385 2089 1428 ver·
2116 1378 2152 1427 2

58 1470 59 1475 ¹
163 1451 376 1531 satus,
418 1468 557 1512 non
597 1447 935 1512 videbatur
972 1468 1162 1531 posse
1190 1469 1326 1512 esse
1366 1449 1675 1532 privatuS,
1719 1448 2093 1532 praesertim

165 1554 317 1611 curn
359 1531 818 1597 consuetudine
863 1530 944 1596 ad
977 1531 1232 1628 imperii
1265 1531 1679 1615 cupiditatem
1720 1530 1893 1596 trahi
1923 1529 2094 1594 vide·
2185 1534 2216 1571 ι’

58 1642 61 1649 ’
164 1620 365 1681 retur.
462 1637 615 1679 nam
658 1613 1038 1680 Chersonesi
1083 1635 1306 1680 omnes
1357 1615 1504 1680 illos
1560 1636 1720 1697 quos
1768 1614 2092 1680 habitarat
2119 1628 2154 1677 3

58 1774 59 1777 Ἴ
164 1721 376 1766 annos
438 1701 813 1782 perpetuam
878 1699 1247 1764 obtinuerat
1313 1698 1816 1764 dominationem
1877 1703 2096 1782 tyran·

165 1805 420 1868 nusque
461 1784 675 1847 fuerat
704 1804 783 1866 ap
832 1783 1078 1866 ellatus,
1123 1782 1235 1847 sed
1262 1782 1486 1848 iustus.
1563 1804 1700 1847 non
1741 1785 1880 1847 erat
1921 1782 2096 1847 enim

58 1894 61 1954 ζ
165 1871 234 1935 vi
250 1870 663 1951 consecutus,
708 1888 739 1932 s
845 1888 1109 1932 suorum
1136 1866 1490 1951 voluntate,
1521 1887 1788 1951 eamque
1864 1870 2096 1933 otesta-

58 1987 61 2002 ε
165 1959 303 2019 tem
353 1952 646 2018 bonitate
690 1952 1029 2017 retinebat.
1129 1972 1353 2016 omnes
1407 1954 1623 2016 autem
1675 1955 1744 2017 et
1844 1952 2098 2016 ‘cuntur

58 2017 59 2098 f
168 2043 236 2103 et
276 2037 602 2102 habentur
639 2036 921 2120 tyranni,
966 2036 1079 2119 qui
1117 2038 1439 2120 potestate
1481 2039 1635 2101 sunt
1673 2057 1754 2119 pe
1834 2039 1984 2100 etua
2022 2036 2096 2099 in

58 2111 59 2116 ¹
167 2144 249 2187 66
287 2122 578 2204 civitate,
623 2140 789 2204 quae
833 2120 1129 2184 libertate
1182 2140 1301 2185 usa
1352 2123 1467 2186 est.
1553 2118 1666 2185 sed
1703 2120 1777 2184 in
1880 2120 1894 2133 '
1922 2118 2093 2183 tiade
2121 2132 2160 2183 4

167 2209 311 2271 erat
352 2226 500 2270 cum
541 2226 791 2269 summa
830 2203 1216 2288 humanitaS,
1256 2208 1398 2269 tum
1439 2204 1605 2269 mira
1650 2203 2095 2286 communitas,

58 2329 59 2348 2
167 2294 247 2355 ut
287 2310 483 2354 nemo
524 2291 661 2352 tam
702 2288 966 2352 humilis
1009 2291 1205 2372 esset,
1248 2289 1357 2353 cui
1395 2309 1532 2353 non
1574 2287 1657 2353 ad
1697 2310 1846 2353 eum
1887 2287 2098 2353 aditus

58 2363 61 2424 ἶ
166 2376 452 2473 pateret3
495 2391 734 2457 magna
777 2371 1124 2470 auctoritas
1153 2369 1325 2469 apud
1365 2392 1588 2469 omnes
1631 2371 1938 2454 civitates,
1981 2391 2101 2436 no-

58 2607 61 2616 ,
165 2456 949 2637 1111166161
963 2455 2102 2623 ffifflfflssfflzsps

57 2633 67 2718 ζ
167 2626 414 2691 diutius
459 2645 595 2690 6666
636 2646 708 2688 16
750 2628 999 2689 timore.

663 2983 759 3058 11.
864 2977 1612 3100 emammus'rocLFJS.v

58 3171 61 3198 1.
341 3131 840 3214 Themistocles,
883 3129 1114 3195 Neocli
1153 3129 1356 3212 filius,
1400 3127 1834 3194 Atheniensis.
1907 3125 2098 3192 huius
2136 3128 2170 3188 1

58 3239 69 3302 ὲ,
170 3218 337 3284 vitia
372 3216 677 3281 ineuntis
731 3214 1198 3279 adulescentiae
1250 3212 1507 3298 magnis
1565 3215 1719 3277 sunt
1770 3210 2104 3276 emendata

171 3301 525 3368 virtutibus
537 3349 556 3383 ,
621 3298 781 3365 adeo
836 3301 914 3363 ut
965 3297 1361 3362 anteferatur
1419 3295 1573 3360 huic
1624 3316 1815 3359 nemo
1830 3343 1848 3377 ,
1912 3294 2102 3377 pauci

170 3406 362 3470 pares
403 3387 733 3471 putentur.
806 3381 917 3447 sed
957 3382 1039 3446 ab
1081 3380 1271 3446 initio
1315 3383 1416 3446 est
1454 3377 1848 3445 ordiendum.
1918 3376 2101 3458 pater
2127 3382 2161 3429 2

134 3741 277 3750 ---.-
