2409 3825
315 174 401 240 74
1045 173 1513 231 FRAGMENTA.

415 353 465 404 4.
555 382 593 400 o
624 390 668 403 -
700 379 740 399 υ
770 388 810 401 -
844 339 911 403 et
950 335 1139 401 Lario
1183 336 1506 400 inminens
1550 332 1864 425 Comum]

415 439 571 495 Haec
608 455 680 493 ex
704 437 827 493 cod.
850 435 1008 492 Vibii
1031 435 1345 503 Sequestris
1372 434 1539 506 [Mus.
1570 434 1709 491 Brit.
1734 436 1881 490 Add.
1904 435 2036 490 Mss.
2062 442 2241 504 16986,

319 524 464 564 saec.
510 506 659 584 XVJ·
688 504 856 559 affert
895 503 1181 569 Ellissius‚
1236 503 1395 556 cuius
1436 503 1458 556 i
1498 518 1564 557 sa
1610 503 1730 581 fere
1774 518 1999 572 appono
2043 506 2243 559 verba:

313 577 446 645 post
475 574 579 628 illa
614 583 702 627 ‘m
737 570 1051 627 athamatia
1082 570 1241 626 lacus
1283 570 1416 625 lune
1511 569 1647 625 nuia
1689 570 1847 639 ligna
1880 570 2145 625 accendit
2178 588 2245 626 ex
2365 587 2366 646 ᾗ

315 658 429 710 quo
471 642 671 697 bibens
722 641 823 693 aut
874 638 1086 693 insanit
1138 637 1241 691 aut
1291 636 1512 706 sopitur
1525 645 1543 672 ³
1592 638 1712 708 [pg.
1760 644 1823 692 12
1866 637 2056 708 Burs.]
2104 639 2247 694 haec

314 709 492 764 habet
540 709 686 763 liber
733 705 1040 761 minoribus
1082 703 1290 759 litteris
1340 708 1617 773 tanquam
1666 704 1984 774 perscripta
2076 706 2251 783 agina

315 777 536 844 addita,
589 774 866 830 incertum
908 788 982 828 an
1016 771 1109 851 ‘ab‘
1154 772 1354 850 eadem
1395 788 1591 851 manu:
1648 771 1805 850 lacus
1850 774 1926 841 (le
1967 813 1980 828 .
2025 722 2246 840 fimus)

316 843 500 911 Comi,
536 842 792 899 Catullus
825 840 887 895 et
916 841 977 894 L.
1010 856 1250 894 minens
1285 843 1579 907 (mmmens
1601 838 1876 909 Elhssms)
1947 879 1962 894 .
1983 868 2055 880 —-
2088 840 2247 895 Haec

315 910 424 967 etsi
465 926 501 964 a
540 913 598 965 te
641 907 1004 978 hipponactei
1085 908 1266 961 artem
1309 905 1621 975 complent,
1664 907 1856 961 tamen
1899 923 2002 976 pro
2046 909 2135 962 ter
2179 923 2248 962 ea

315 994 462 1047 quae
535 977 790 1031 ursianus
823 974 880 1029 in
945 990 1043 1029 rae
1068 1012 1084 1029 .
1107 974 1190 1051 de·
1208 973 1493 1029 codicibus
1516 972 1671 1029 Vibii
1704 973 1969 1029 disseruit
2070 992 2126 1052 g.
2153 981 2246 1040 123

317 1046 384 1100 cf.
420 1046 495 1099 et.
529 1061 623 1113 pg.
648 1051 682 1098 4
715 1044 829 1096 not.
854 1049 885 1097 2
926 1082 941 1108 ‚
976 1041 1073 1096 vix
1116 1040 1274 1095 ahud
1306 1057 1479 1109 quam
1515 1057 1583 1097 ex
1618 1048 1700 1108 35,
1734 1047 1768 1095 4
1805 1041 1926 1096 Cat.
1962 1058 1998 1096 a
2071 1043 2246 1096 mter·
2367 1055 2368 1096 ζ

313 1112 572 1182 polatore
606 1110 831 1165 novello
907 1110 1001 1163 cta
1032 1124 1152 1164 esse
1194 1108 1365 1164 facile
1407 1108 1515 1163 tibi
1556 1108 1939 1177 persuadebis.
2007 1108 2086 1163 Et
2124 1109 2247 1179 ipse

313 1179 470 1234 uncis
502 1177 729 1233 inclusit
759 1176 1031 1231 Ellissius.
1134 1237 1141 1240 q

414 1285 464 1335 5.
515 1278 632 1334 Ver
671 1318 684 1333 .
719 1294 827 1348 geo
899 1317 912 1331 .
943 1275 1025 1345 H,
1062 1282 1154 1332 95:
1189 1293 1302 1346 quo
1336 1277 1396 1332 te
1430 1276 1674 1332 carmine
1699 1276 1911 1346 dicam,
1946 1277 2242 1333 Rhaetica.

317 1347 408 1404 Ad
442 1363 588 1417 quae
662 1346 847 1401 ervius
922 1360 1023 1399 aec
1063 1345 1303 1399 adnotat
1336 1345 1513 1399 ‘hanc
1548 1359 1718 1398 uvam
1754 1344 1893 1399 Cato
1937 1345 2246 1414 praecipue

313 1415 514 1470 laudat
544 1414 604 1469 in
635 1413 795 1468 libris
868 1428 968 1466 uos
1002 1410 1227 1481 scripsit
1259 1412 1333 1467 ad
1365 1411 1569 1477 filium3
1606 1413 1801 1465 contra
1824 1411 2081 1467 Catullus
2116 1429 2247 1468 eam

314 1482 604 1551 vituperat
637 1482 697 1536 et
730 1481 841 1535 dici
897 1478 1042 1533 nulli
1072 1479 1160 1534 rei
1201 1495 1323 1535 esse
1359 1480 1554 1548 aptam
1585 1479 1933 1547 miraturque
1982 1496 2084 1534 cur
2118 1496 2247 1535 eam

314 1549 632 1604 laudaverit
662 1548 818 1604 Cato.
852 1547 1029 1603 sciens
1063 1562 1199 1668 eff.
1233 1549 1533 1614 utrumque
1558 1546 1843 1616 Vergilius
1877 1547 2129 1602 medium
2161 1550 2246 1603 te·

1204 1622 1222 1647 9

320 1616 446 1672 nuit
478 1616 692 1671 dicens:
728 1633 783 1685 q.
815 1617 857 1671 t.
894 1630 941 1670 c.
975 1613 1059 1681 d.,

415 1723 466 1772 6.
513 1716 659 1771 Hinc
690 1713 976 1795 'ljlgeqcriti
1010 1714 1163 1784 apud
1186 1713 1456 1782 Graecos,
1492 1713 1701 1793 Catulli
1725 1715 1878 1794 apud
1907 1730 2012 1793 nos
2032 1731 2247 1795 prox-u·

312 1783 1371 1920 ἓξὲῗίεῖθὶῖὶῆῌιῗῗεῗὲαωθηῇοτω
1422 1783 1697 1838 amatoria
1746 1784 2007 1838 nmtatm.
2098 1783 2247 1839 Phn-

415 1965 468 2018 7.
531 1954 623 2020 sic
666 1975 781 2019 sua
820 1952 1057 2019 lascivo
1102 1955 1421 2019 cantatast
1461 1974 1650 2038 saepe
1692 1953 1945 2021 Catullo

605 2038 876 2122 femina,
921 2038 1024 2104 cui
1065 2039 1299 2103 falsum
1341 2037 1572 2103 Lesbia
1611 2059 1850 2103 nomen
1892 2040 2061 2123 erat,

530 2144 642 2190 nec
683 2128 1000 2189 contentus
1039 2143 1108 2189 eo
1149 2123 1377 2188 multos
1415 2123 1688 2207 volqavit
1726 2142 1996 2206 amoreS,

606 2209 682 2274 in
724 2209 951 2290 quibus
990 2208 1123 2291 ipse
1160 2226 1349 2272 suum
1385 2207 1602 2289 fassus
1642 2207 2102 2274 adulteriumst.

413 2307 518 2362 Hic
553 2323 698 2428 quae
733 2306 978 2385 secundo
1014 2306 1253 2361 disticho
1286 2306 1627 2376 produntur,
1666 2306 1972 2385 certissime
1987 2307 2243 2383 ‘demone

312 2375 493 2430 strant
527 2390 557 2429 e
585 2391 698 2428 iam
734 2373 848 2428 aha
881 2390 1054 2442 quam
1067 2390 1225 2497 guae
1259 2373 1427 2430 hodie
1463 2375 1661 2430 extant
1683 2391 1930 2430 carmina
1964 2375 2247 2429 amatoria

314 2440 418 2498 nec
453 2458 523 2497 ea
555 2441 721 2496 mmis
754 2457 938 2511 pauca
970 2440 1031 2495 in

413 2548 463 2597 8.
516 2542 661 2597 Hinc
704 2542 878 2598 etiam
914 2542 1166 2598 Catullus
1205 2541 1403 2598 cavere
1440 2540 1597 2598 dixit.
1666 2541 1822 2598 Serv.
1870 2542 1945 2598 ad
1983 2558 2108 2597 aen.
2144 2542 2244 2611 ΠΙ,

311 2617 430 2668 409.
482 2610 567 2665 ita
599 2608 831 2680 plurimi
864 2611 1081 2667 fervere
1115 2610 1325 2667 lavere.

418 2718 467 2767 9.
519 2711 846 2766 Notandum
879 2727 1013 2766 sane
1050 2711 1223 2766 etiam
1259 2710 1328 2766 de
1362 2709 1513 2766 Iride
1559 2726 1750 2766 arcum
1784 2726 1990 2781 genere
2024 2727 2239 2766 mascu-

1112 2441 1278 2496 atulli
1310 2441 1457 2496 libro
1491 2442 1692 2512 legisse
1725 2442 2020 2497 Nasonem.

194 2785 198 2789 ⁴
312 2780 428 2836 lino
464 2779 652 2834 dicere
686 2779 1026 2849 Vergilium:
1082 2779 1338 2835 Catullus
1372 2779 1432 2834 et
1465 2778 1565 2834 alii
1598 2794 1805 2848 genere
1837 2777 2105 2833 feminino
2180 2795 2236 2833 o·

313 2848 456 2902 nunt
490 2846 795 2903 referentes
830 2847 905 2900 ad
938 2846 1237 2915 originem,
1273 2846 1419 2901 sicut
1450 2845 1592 2902 haec
1613 2845 1763 2901 Attis
1796 2846 1857 2902 et
1876 2845 2019 2900 haec
2044 2845 2091 2901 G
2175 2862 2238 2900 us

312 2915 568 2985 legimus.
638 2912 788 2972 Serv,
827 2912 902 2967 ad
937 2929 1059 2968 aen.
1096 2913 1165 2982 V,
1199 2919 1317 2969 609.

414 2981 543 3035 Alia
602 2982 794 3035 autem
855 2981 1137 3050 quaedam
1197 2980 1385 3036 aliena
1444 2996 1481 3035 a
1536 2978 1759 3036 Catullo
1819 2981 1886 3034 ut
1943 2995 2238 3048 parcamus

313 3049 541 3125 chartae
576 3047 669 3102 hic
704 3048 911 3102 addere
956 3063 1070 3103 non
1103 3049 1296 3127 vacat,
1342 3064 1469 3102 cum
1553 3046 1847 3102 raesertim
1877 3046 2033 3102 facili
2067 3063 2101 3101 ο
2144 3064 2239 3102 era

312 3114 1414 3247 3355211-232201210‘332202322211351223·
1426 3113 2010 3238 affixus&
2147 3132 2238 3171 ²⁰·

1073 3401 1473 3415 ῥ--Ἣ
