2409 3825
1087 208 1165 268 vl
2002 206 2125 270 183

278 379 343 439 in
365 394 581 439 summo
611 386 742 437 sunt
765 378 985 436 vertice
1009 377 1158 436 enim
1190 385 1479 452 crateres,
1506 384 1566 435 ut
1589 378 1699 455 ipsi

279 463 639 529 nominitant;
666 476 771 520 nos
796 460 949 538 quod
969 459 1167 520 fauces
1192 459 1561 538 perhibemus
1587 469 1645 520 et
1668 478 1786 519 ora.

369 545 510 605 Sunt
533 543 747 622 aliquot
773 560 1002 622 quoque
1024 561 1120 604 res
1145 560 1380 621 quarum
1402 561 1565 602 unam
1588 542 1784 603 dicere
1810 561 2034 606 causam

280 646 399 689 non
421 630 556 689 satis
583 636 707 705 est,
731 644 929 686 verum
951 625 1131 706 pluris
1148 672 1166 704 ‚
1191 626 1342 687 unde
1369 644 1478 686 una
1498 637 1684 688 tamen
1708 627 1813 694 sit:

135 722 255 780 '705
288 729 501 791 corpus
523 720 585 770 ut
607 711 922 770 exanimum
943 710 1149 789 siquod
1171 710 1375 789 procul
1397 713 1524 789 ipse
1548 711 1742 770 iacere

285 797 610 875 conspicias
631 794 872 854 hominis
889 840 907 871 ,
935 794 994 854 fit
1015 804 1076 854 ut
1102 796 1281 855 omnis
1306 793 1502 854 dicere
1529 811 1728 854 causas

284 881 587 940 conveniat
615 878 751 955 leti,
779 877 997 937 dicatur
1024 887 1083 937 ut
1105 877 1258 939 illius
1283 894 1423 938 una:

279 982 410 1023 nam
433 981 621 1042 neque
645 980 775 1021 eum
798 961 954 1022 ferro
976 979 1087 1022 nec
1109 961 1326 1039 frigore
1349 962 1583 1021 vincere
1606 962 1797 1040 possis

279 1043 566 1108 interiisse
590 1064 777 1124 neque
799 1064 833 1105 a
853 1045 1053 1105 morbo
1076 1064 1266 1124 neque
1291 1046 1441 1104 forte
1465 1063 1690 1106 veneno
1705 1091 1723 1121 ,

141 1140 256 1196 710
283 1148 482 1191 verum
504 1128 714 1208 aliquid
736 1147 954 1207 genere
978 1148 1113 1190 esse
1144 1148 1221 1189 ex
1243 1128 1356 1189 hoc
1378 1129 1533 1208 quod
1562 1131 1799 1207 contigit
1822 1131 1877 1189 ei

280 1216 512 1276 scimus,
539 1215 676 1273 item
696 1214 752 1272 in
775 1213 963 1289 multis
986 1212 1100 1273 hoc
1122 1213 1297 1274 rebus
1323 1211 1518 1273 dicere
1541 1214 1832 1273 habemus.

365 1296 528 1358 Nilus
556 1299 612 1356 in
634 1306 908 1357 aestatem
936 1298 1147 1357 crescit
1172 1298 1501 1376 campisque
1521 1296 1829 1374 redundat,

276 1383 480 1442 unicus
506 1383 562 1441 in
590 1382 757 1441 terris
779 1381 1034 1459 Aegypti
1058 1382 1234 1442 totius
1257 1383 1450 1441 amnis.

15 1519 18 1524 .
274 1467 331 1526 is
352 1467 498 1544 rigat
518 1465 849 1544 Aegyptum
870 1465 1115 1526 medium
1139 1483 1249 1543 per
1269 1482 1447 1544 saepe
1474 1463 1723 1524 calorem
1744 1510 1761 1542 ‚

15 1611 18 1612 γ
129 1558 247 1614 715
273 1559 371 1609 aut
393 1550 521 1628 quia
544 1558 673 1609 sunt
695 1555 911 1608 aestate
935 1548 1235 1627 aquilones
1259 1550 1403 1609 ostia
1427 1558 1622 1609 contra
1640 1593 1657 1625 ,

274 1635 403 1693 anni
428 1642 688 1711 tempore
712 1650 785 1692 eo
810 1634 905 1710 qui
929 1634 1147 1694 etesiae
1173 1651 1309 1693 esse
1331 1632 1589 1693 feruutur
1606 1677 1624 1708 ,

272 1727 338 1777 et
363 1726 559 1777 contra
582 1715 809 1776 fluvium
828 1716 1031 1778 flantes
1055 1726 1408 1777 remorantur
1431 1725 1490 1777 et
1511 1716 1689 1776 undas

274 1811 559 1878 cogentes
591 1817 787 1861 sursus
816 1799 1045 1879 replent
1070 1809 1400 1879 coguntque
1423 1819 1668 1860 manere.

272 1903 405 1946 nam
429 1884 600 1945 dubio
623 1883 828 1964 procul
849 1884 996 1946 haec
1019 1883 1267 1947 adverso
1293 1885 1466 1946 flabra
1491 1885 1748 1946 feruntur

15 1968 18 2035 {f
127 1977 247 2035 720
278 1969 508 2030 flumine
530 2015 549 2047 ,
576 1987 722 2047 quae
744 1967 955 2047 gelidis
987 1970 1056 2030 ab
1081 1969 1269 2032 stellis
1295 1973 1417 2032 axis
1441 1980 1714 2048 aguntur:

270 2053 375 2114 ille
400 2072 477 2114 ex
497 2053 767 2113 aestifera
790 2056 936 2133 parti
957 2055 1115 2115 venit
1137 2056 1314 2115 amnis
1339 2056 1409 2116 ab
1434 2064 1627 2115 austro
1646 2100 1662 2132 ‚

15 2068 20 2211 Ι
272 2141 425 2198 inter
445 2140 606 2215 nigra
627 2139 806 2197 virum
829 2146 1110 2217 percocto
1136 2137 1331 2199 saecla
1358 2138 1555 2199 colore

17 2273 20 2276 ,
273 2223 547 2283 exoriens
573 2224 801 2301 penitus
824 2221 1008 2282 media
1030 2222 1101 2282 ab
1125 2225 1365 2301 regione
1392 2223 1522 2284 diei.

16 2280 32 2413 l
274 2315 370 2366 est
391 2323 623 2385 quoque
648 2308 728 2366 uti
750 2308 936 2385 possit
963 2323 1199 2385 maguus
1227 2317 1541 2386 congestus
1566 2326 1772 2369 arenae

17 2423 32 2442 π
130 2397 246 2453 '725
282 2389 553 2450 fluctibus
575 2388 833 2451 adversis
859 2390 1120 2469 oppilare
1144 2392 1290 2452 ostia
1315 2400 1509 2452 contra
1526 2439 1543 2470 ,

20 2545 21 2550 ἵ
272 2492 405 2535 cum
426 2491 580 2533 mare
604 2484 924 2553 permotum
945 2477 1131 2536 ventis
1154 2477 1264 2535 ruit
1289 2478 1436 2536 intus
1462 2494 1716 2540 arenam:

20 2555 27 2714 f
269 2576 389 2637 quo
414 2559 472 2618 fit
494 2560 572 2617 uti
594 2567 767 2637 pacto
792 2558 940 2619 liber
961 2560 1141 2620 minus
1173 2561 1360 2619 exitus
1383 2562 1526 2619 amni

269 2652 336 2702 et
355 2640 630 2720 proclivis
652 2644 793 2702 item
818 2643 910 2702 fiat
932 2645 1112 2704 minus
1137 2646 1385 2722 impetus
1413 2642 1594 2703 undis.

269 2726 337 2786 fit
359 2744 588 2806 quoque
613 2727 692 2786 uti
717 2724 943 2804 pluviae
961 2772 979 2804 ‚
1005 2727 1197 2788 forsan
1213 2773 1231 2805 ‚
1256 2727 1435 2804 magis
1458 2727 1527 2786 ad
1554 2735 1720 2804 caput
1756 2727 1808 2787 ei

22 2821 25 2884 ζ
123 2816 238 2874 730
257 2819 525 2890 tempore
552 2828 624 2870 eo
648 2811 810 2888 fiant,
838 2811 991 2889 quod
1009 2813 1191 2872 etesia
1215 2812 1388 2871 flabra
1412 2810 1736 2889 aquilonum

22 2889 25 2972 Ι
265 2894 462 2955 nubila
484 2894 773 2954 coniciunt
796 2897 851 2954 in
874 2913 973 2955 eas
1000 2905 1133 2956 tunc
1159 2898 1341 2956 omnia
1361 2897 1566 2975 partis:

22 2979 23 2990 ¹
266 2977 499 3039 scilicet
515 3024 533 3056 ‚
557 2977 627 3037 ad
653 2978 894 3039 mediam
915 2981 1212 3056 regionem
1236 2982 1425 3040 eiecta
1453 2979 1565 3039 diei

270 3081 400 3122 cum
426 3073 852 3139 convenerunt,
879 3063 955 3122 ibi
979 3062 1048 3122 ad
1070 3063 1219 3124 altos
1246 3064 1493 3142 denique
1515 3063 1723 3123 montis
1800 3115 1810 3120 -

23 3159 33 3222 3
266 3155 577 3208 contrusae
602 3147 785 3208 nubes
813 3156 1093 3223 coguntur
1115 3149 1288 3225 vique
1315 3157 1663 3224 premuntur.

24 3259 27 3292 r
124 3236 232 3296 735
262 3230 507 3291 forsitan
527 3230 877 3311 Aethiopum
902 3232 1124 3307 penitus
1152 3231 1224 3291 de
1246 3231 1531 3291 montibus
1556 3230 1683 3291 altis

24 3333 27 3348 f
263 3322 530 3392 crescat,
553 3314 651 3388 ubi
673 3316 730 3375 in
756 3332 987 3392 campos
1017 3314 1174 3375 albas
1200 3314 1560 3375 descendere
1584 3317 1829 3390 ningues

259 3397 514 3459 tabificis
539 3398 753 3476 subigit
774 3398 944 3458 radiis
968 3397 1058 3457 sol
1082 3401 1265 3458 omnia
1287 3396 1552 3457 lustrans.

346 3478 516 3542 Nunc
536 3500 646 3559 age
664 3529 680 3560 ‚
710 3483 937 3542 Averna
959 3481 1060 3540 tibi
1084 3499 1229 3561 quae
1255 3482 1365 3541 sint
1390 3479 1521 3539 loca
1547 3497 1788 3557 cumque
1811 3478 2085 3549 lacusque
