2409 3825
214 160 338 224 154
1180 160 1237 219 V

349 355 356 363 ·
383 338 438 388 et
468 346 594 388 cum
624 326 836 386 deserti
863 325 1174 386 baubantur
1196 327 1253 385 in
1273 326 1544 404 aedibus,
1574 337 1667 387 aut
1700 344 1826 386 cum

214 420 353 476 1070
381 411 655 490 plorantis
677 411 894 486 fugiunt
916 410 1215 477 summisso
1242 427 1486 489 corpore
1516 409 1733 489 plagas.

383 496 626 573 denique
647 511 760 553 non
784 492 1028 554 hinnitus
1052 494 1183 552 item
1209 492 1439 554 differre
1467 494 1723 571 videtur,

380 582 527 639 inter
555 596 730 656 equas
753 578 848 636 ubi
873 595 1053 654 equus
1076 575 1297 636 florenti
1324 586 1510 638 aetate
1532 578 1806 637 iuvencus

382 663 661 742 pinnigeri
687 662 866 722 saevit
890 658 1205 721 calcaribus
1229 656 1377 721 ictus
1404 662 1611 721 amoris
1627 706 1645 738 ,

383 757 441 807 et
463 747 746 806 fremitum
768 743 973 822 patulis
1001 744 1095 802 ubi
1115 744 1343 804 naribus
1373 744 1486 804 edit
1509 744 1578 803 ad
1606 763 1754 805 arma
1771 792 1788 822 ,

216 839 351 894 1075
381 840 440 891 et
469 848 596 890 cum
617 831 702 889 sic
725 827 863 887 alias
887 828 1185 888 concussis
1209 828 1420 889 artibus
1440 825 1655 888 hinnit?

382 923 674 994 postremo
699 929 881 987 genus
910 909 1140 970 alituum
1167 914 1470 989 variaeque
1492 911 1760 972 volucres
1776 959 1792 989 ‚

381 998 688 1075 accipitres
713 1005 880 1072 atque
907 995 1220 1073 ossifragae
1246 997 1542 1072 mergique
1563 998 1788 1056 marinis

386 1081 650 1140 fluctibus
681 1081 737 1138 in
767 1077 919 1138 salso
940 1079 1150 1137 victum
1171 1080 1455 1157 vitamque
1484 1088 1749 1157 petentes
1767 1125 1784 1158 ‚

384 1165 557 1241 longe
580 1162 717 1223 alias
746 1161 858 1223 alio
888 1163 1095 1222 iaciunt
1116 1164 1174 1221 in
1199 1172 1459 1242 tempore
1489 1178 1668 1224 voces
1688 1209 1706 1241 ,

218 1258 356 1312 1080
387 1259 444 1309 et
476 1264 643 1326 quom
667 1246 737 1306 de
758 1247 913 1306 victu
943 1256 1161 1307 certant
1184 1247 1545 1325 praedaeque
1575 1257 1926 1325 repugnant:

386 1342 443 1392 et
470 1333 672 1410 partim
700 1339 910 1390 mutant
934 1349 1060 1390 cum
1083 1331 1516 1409 tempestatibus
1549 1349 1657 1390 una

385 1417 717 1476 raucisonos
744 1423 939 1474 cantus
956 1459 974 1490 ‚
1002 1415 1289 1474 cornicum
1312 1423 1370 1474 ut
1393 1412 1585 1475 saecla
1606 1423 1831 1475 vetusta

388 1516 800 1577 corvorumque
823 1516 1036 1575 greges
1059 1499 1156 1557 ubi
1185 1516 1385 1575 aquam
1409 1497 1666 1558 dicuntur
1686 1508 1746 1561 et
1767 1499 1963 1558 imbris

385 1601 633 1663 poscere
663 1590 721 1643 et
743 1581 1019 1641 interdum
1042 1592 1247 1642 ventos
1275 1600 1552 1660 aurasque
1575 1597 1803 1643 vocare.

223 1678 357 1732 1085
389 1683 530 1745 ergo
561 1669 609 1726 si
633 1667 770 1726 varii
792 1684 997 1726 sensus
1025 1665 1278 1725 animalia
1305 1676 1552 1743 cogunt,

388 1761 538 1810 muta
561 1760 747 1810 tamen
771 1768 898 1809 cum
921 1752 1032 1809 sint
1051 1795 1069 1826 ‚
1094 1751 1277 1810 varias
1302 1751 1562 1809 emittere
1592 1766 1769 1809 voces
1787 1794 1805 1825 ‚

390 1845 595 1915 quanto
621 1832 873 1893 mortalis
893 1835 1072 1910 magis
1100 1843 1400 1912 aequumst
1424 1843 1541 1893 tum
1570 1834 1826 1913 potuisse

390 1918 675 1979 dissimilis
694 1916 802 1978 alia
828 1927 998 1995 atque
1020 1916 1126 1977 alia
1149 1936 1246 1977 res
1267 1934 1414 1977 voce
1437 1917 1664 1977 notare!

471 2001 499 2086 Π
529 2001 674 2061 Illud
695 2003 750 2060 in
772 2001 859 2061 his
881 2002 1055 2061 rebus
1084 2004 1290 2062 tacitus
1315 2020 1386 2060 ne
1411 2001 1559 2061 forte
1582 2002 1835 2078 requiras
1851 2045 1869 2078 ,

224 2097 362 2152 1090
390 2089 603 2147 fulmen
628 2083 828 2145 detulit
851 2086 907 2144 in
934 2095 1140 2145 terram
1169 2084 1497 2145 mortalibus
1521 2086 1710 2164 ignem

392 2173 645 2252 primitus
662 2214 679 2246 ,
708 2169 838 2229 inde
864 2170 1042 2228 omnis
1068 2168 1407 2228 flammarum
1431 2168 1636 2228 diditur
1664 2166 1859 2227 ardor:

392 2254 564 2314 multa
590 2252 846 2314 videmus
872 2253 1021 2311 enim
1053 2250 1403 2313 caelestibus
1427 2251 1583 2312 inlita
1613 2252 1847 2311 flammis

391 2339 617 2415 fulgere
635 2381 653 2413 ,
687 2354 813 2395 cum
838 2334 980 2395 caeli
1006 2336 1232 2396 donavit
1254 2334 1423 2416 plaga
1447 2353 1680 2415 vapore.

392 2432 449 2482 et
476 2437 696 2481 ramosa
717 2428 903 2478 tamen
936 2438 1063 2479 cum
1086 2420 1275 2481 ventis
1298 2417 1462 2499 pulsa
1489 2418 1762 2479 vacillans

226 2514 360 2569 1095
392 2514 609 2578 aestuat
637 2504 693 2562 in
714 2519 900 2562 ramos
924 2503 1256 2563 incumbens
1280 2504 1498 2564 arboris
1522 2503 1722 2580 arbor,

393 2589 722 2668 exprimitur
742 2585 941 2647 validis
964 2588 1202 2648 extritus
1231 2589 1442 2649 viribus
1466 2581 1615 2666 ignis

392 2684 450 2734 et
477 2674 645 2733 micat
667 2671 944 2731 interdum
967 2671 1201 2732 flammai
1227 2672 1477 2733 fervidus
1505 2672 1701 2749 ardor,
1716 2697 1739 2707 ‘

390 2768 579 2818 mutua
604 2756 733 2816 dum
754 2758 902 2817 inter
924 2777 991 2818 se
1012 2759 1148 2817 rami
1173 2760 1500 2837 stirpesque
1521 2766 1791 2819 teruntur.

393 2860 629 2920 quorum
648 2851 946 2919 utrumque
975 2840 1205 2902 dedisse
1238 2852 1432 2920 potest
1462 2840 1790 2902 mortalibus
1819 2841 2031 2916 ignem,

226 2935 362 2988 1100
392 2927 521 2986 inde
556 2926 739 2985 cibum
771 2943 1023 3002 coquere
1047 2944 1115 2984 ac
1141 2925 1396 2986 flammae
1418 2925 1642 2986 mollire
1665 2941 1879 3003 vapore

393 3009 481 3069 sol
512 3009 737 3085 docuit,
769 3011 1029 3085 quoniam
1052 3012 1361 3070 mitescere
1386 3009 1557 3069 multa
1578 3008 1845 3068 videbant

388 3093 727 3153 verberibus
754 3091 1036 3151 radiorum
1060 3102 1228 3172 atque
1251 3104 1415 3153 aestu
1437 3095 1588 3152 victa
1612 3109 1718 3170 per
1737 3108 1930 3167 agros.

474 3172 653 3251 Inque
676 3173 800 3234 dies
819 3176 1003 3250 magis
1024 3175 1081 3233 hi
1101 3178 1315 3235 victum
1338 3178 1621 3253 vitamque
1644 3175 1892 3253 priorem

394 3266 735 3315 commutare
760 3258 921 3316 novis
945 3260 1337 3333 monstrabant.
1355 3259 1516 3318 rebu’
1549 3257 1811 3335 benigni,

224 3349 357 3399 1105
386 3339 614 3414 ingenio
640 3340 733 3414 qui
756 3340 1114 3415 praestabant
1139 3351 1197 3400 et
1223 3341 1396 3400 corde
1421 3340 1708 3417 vigebant.

395 3419 645 3479 condere
671 3431 983 3495 coeperunt
1007 3423 1163 3482 urbis
1184 3441 1491 3499 arcemque
1514 3422 1708 3484 locare
