2409 3825
282 150 304 205 1
320 148 356 206 4
1190 152 1417 201 PERSH

279 294 468 373 Fruge
515 294 864 355 Cleanthea:
912 295 1090 373 petite
1134 294 1267 353 hinc
1310 296 1593 373 puerique
1642 311 1933 374 senesque

279 380 478 440 Finem
522 381 708 439 animo
755 388 974 439 certum
1018 380 1362 455 miserisque
1404 380 1612 452 viatica
1659 379 1844 437 canis!
1876 411 1961 424 —-·
2197 390 2276 442 65

282 464 425 525 Cras
458 463 570 522 hoc
606 464 706 522 fiet
746 463 1019 523 idem.--
1061 459 1205 521 Cras
1249 458 1485 520 new-
1529 458 1723 533 Quid?
1769 463 1930 540 quasi
1978 479 2275 538 magnum

280 549 504 625 Nempe
550 547 700 607 diem
746 545 952 605 donas!
978 578 1063 590 —·
1106 544 1226 604 Sed
1281 561 1448 622 quum
1494 543 1820 614 lux,altera
1863 546 2044 617 venit,

254 631 397 711 ,Iam
439 647 567 690 cras
608 624 940 695 hesternu‘m
985 630 1473 705 consumpsimus:
1516 645 1658 687 ecce
1706 628 1858 686 aliud
1902 645 2035 686 cras

283 715 487 791 Egerit
529 712 637 788 hos
682 730 862 773 annos
912 721 970 774 et
1016 730 1250 790 semper
1298 711 1529 788 paulum
1575 712 1682 792 erit
1728 710 1895 769 ultra.

282 795 424 857 Nam
469 798 725 873 quamvis
778 813 963 874 prope
1014 804 1105 870 te,
1157 795 1415 872 quamvis
1467 803 1696 853 temone
1742 793 1846 852 sub
1890 812 2014 852 uno*
2196 805 2276 858 70

282 882 620 940 Vertentem
669 897 804 939 sese
838 880 1057 952 ,frustra
1103 877 1412 936 sectabere
1459 877 1741 951 canthum,
2055 869 2062 876 ’

287 964 469 1037 Quum
514 972 639 1022 rota
686 964 979 1040 posterior
1025 979 1224 1020 curras
1273 970 1331 1020 et
1380 962 1435 1019 in
1479 979 1588 1022 axe
1635 960 1910 1019 secundo.

284 1047 573 1105 Libertate
620 1063 767 1123 opus
815 1055 934 1121 est,
982 1061 1096 1103 non
1137 1044 1280 1119 hac,
1330 1052 1419 1119 ut,
1467 1046 1711 1121 quisque
1754 1043 1960 1101 Velina
2003 1111 2009 1118 ι

285 1129 520 1188 Publius
567 1130 838 1204 emeruit,
877 1128 1202 1188 scabiosum
1257 1127 1545 1186 tesserula
1588 1127 1676 1185 far

286 1212 573 1274 Possidet.
633 1210 759 1271 Heu
801 1212 1034 1270 steriles
1078 1210 1236 1286 veri,
1281 1209 1488 1287 quibus
1532 1227 1639 1268 una
1691 1208 1967 1281 Quiritem
2189 1220 2270 1272 75

285 1296 530 1372 Vertigo
576 1294 743 1356 facit!
811 1294 906 1354 hic
953 1294 1134 1354 Dama
1182 1301 1272 1352 est
1323 1310 1436 1352 non
1482 1294 1689 1352 tressis
1733 1309 1934 1369 agaso,
2041 1286 2054 1296 “

286 1379 490 1458 Vappa
533 1379 724 1458 lippus
765 1388 823 1438 et
865 1379 921 1436 in
970 1378 1126 1437 tenui
1165 1376 1455 1453 farragine
1499 1375 1772 1435 mendax-2

287 1463 543 1521 verterit
586 1463 735 1521 hunc
781 1462 1071 1537 dominuS,
1117 1469 1405 1519 momento
1452 1459 1690 1518 turbinis
1736 1460 1855 1519 exit

287 1544 515 1604 Marcus
565 1545 775 1605 Dama:
822 1544 1040 1623 papae!
1099 1542 1297 1603 Marco
1335 1543 1657 1621 spondente
1701 1561 1942 1602 recusas

293 1627 551 1687 Credere
594 1637 652 1687 tu
696 1626 996 1686 nummos?
1055 1626 1254 1687 Marco
1301 1626 1404 1685 sub
1455 1627 1645 1685 iudice
1686 1623 1913 1704 palles?
2190 1636 2268 1687 80

289 1710 515 1772 Marcus
562 1711 732 1770 dixit:
779 1714 856 1771 ita
903 1720 1020 1779 est;
1068 1711 1341 1787 adsigna,
1390 1708 1616 1785 Marce,
1658 1708 1928 1768 tabellas·

289 1795 450 1854 Haec
495 1813 652 1855 mera
696 1794 958 1853 libertas!
984 1794 1119 1863 ,hoc
1161 1793 1327 1852 nobis
1373 1793 1530 1871 pilea
1562 1792 1810 1852 donant!
1837 1825 1918 1835 —-

292 1879 381 1938 An
427 1880 724 1956 quisquam
772 1885 861 1937 est
905 1878 1050 1937 alius
1101 1876 1282 1959 liber,
1330 1877 1439 1936 nisi
1487 1876 1702 1937 ducere
1745 1877 1915 1936 vitam

294 1961 398 2021 Cui
446 1963 615 2036 licet,
665 1971 725 2020 ut
774 1960 995 2021 voluit?
1042 1962 1183 2020 licet
1225 1970 1286 2020 ut
1331 1961 1469 2020 volo
1519 1963 1752 2021 viuere:
1796 1976 1909 2018 non
1956 1978 2081 2017 sum

290 2044 556 2105 Liberior
602 2043 926 2105 Bruto‘I—
964 2044 1244 2104 Mendose
1288 2043 1551 2121 colligis,
1599 2045 1777 2120 inquit
1916 2052 1924 2056 ’
2193 2054 2263 2105 85

294 2130 527 2187 Stoicus
567 2127 662 2187 hic
709 2145 905 2187 aurem
942 2129 1195 2191 mordaci
1242 2127 1394 2186 lotus
1439 2135 1641 2187 aceto:

291 2211 452 2272 Haec
497 2212 719 2290 reliqua
763 2212 1022 2289 accipio;
1072 2213 1215 2290 licet
1259 2210 1400 2272 illud
1444 2220 1502 2269 et
1542 2217 1608 2270 ut
1649 2210 1783 2271 volo
1824 2208 1989 2267 tolle.
2018 2241 2103 2252 -

291 2295 557 2354 Vindicta
603 2290 1109 2372 postquam‘meus
1156 2312 1189 2353 a
1232 2302 1506 2371 praetore
1550 2293 1796 2365 recessi,

295 2376 412 2436 Cur
459 2377 594 2436 mihi
642 2394 756 2435 non
799 2373 1216 2453 liceat,‘iussit
1257 2375 1658 2455 quodcumque
1708 2375 1997 2450 voluntas,

294 2461 562 2537 Excepto
608 2461 657 2518 si
704 2459 837 2537 quid
879 2459 1093 2519 Masuri
1138 2460 1369 2519 rubrica
1408 2456 1772 2527 vet,avit?—-
2193 2469 2265 2522 90

377 2543 587 2619 Disce,
633 2544 736 2603 sed
779 2545 862 2603 ira
914 2545 1079 2604 cadat
1125 2560 1267 2602 naso
1312 2560 1644 2620 rugosaque
1697 2559 1892 2617 sanna,

292 2629 439 2687 Dum
473 2637 710 2686 veteres
757 2628 916 2686 avias
961 2627 1062 2686 tibi
1107 2627 1179 2686 de
1225 2625 1494 2705 pulmone
1538 2625 1781 2703 reveIIO.

293 2710 423 2774 Non
475 2711 760 2789 praetoris
806 2718 930 2770 erat
971 2709 1159 2770 stultis
1204 2710 1344 2770 dare
1387 2711 1579 2769 tenuia
1624 2726 1815 2767 rerum

294 2795 498 2854 Officia
540 2803 713 2871 atque
763 2811 925 2852 usum
972 2794 1211 2871 rapidae
1260 2793 1594 2869 permittere
1637 2794 1823 2851 vitae:

295 2877 635 2938 Sambucam
680 2878 846 2935 citius
889 2876 1080 2935 caloni
1123 2877 1415 2953 aptaveris
1464 2875 1602 2935 alto,
2190 2884 2254 2934 95

295 2963 418 3021 Stat
468 2969 669 3019 contra
718 2961 864 3019 ratio
916 2968 973 3018 et
1016 2968 1304 3018 secretam
1347 2959 1527 3034 garrit
1576 2959 1634 3016 iu
1677 2975 1893 3031 aurem,

293 3044 381 3102 Ne
420 3044 593 3102 liceat
629 3042 829 3101 lacere
873 3042 929 3102 id
967 3043 1120 3120 quod
1160 3044 1287 3119 quis
1322 3040 1543 3100 vitiabit
1591 3041 1837 3117 agendo.

293 3124 526 3182 Publica
577 3125 677 3182 lex
716 3124 999 3182 hominum
1045 3134 1361 3200 naturaque
1408 3126 1663 3183 continet
1700 3124 1813 3183 hoc
1859 3123 1969 3196 fas,

292 3201 368 3257 Ut
405 3213 599 3261 teneat
637 3207 850 3263 vetitos
897 3207 1120 3264 inscitia
1165 3206 1375 3266 debilis
1418 3216 1600 3266 actus.

292 3278 476 3373 Diluis
521 3283 914 3360 helleborum,
963 3296 1124 3344 certo
1171 3305 1551 3365 compescere
1596 3296 1808 3366 puncto
2073 3346 2086 3350 ,
2157 3301 2252 3351 100

294 3355 536 3415 Nescius
582 3379 854 3425 examen:
903 3376 1061 3426 vetat
1108 3368 1224 3427 hoc
1273 3379 1468 3430 natura
1517 3370 1811 3432 medendi:
