2409 3825
277 150 396 214 166
486 216 493 222 ,
1220 148 1301 207 vl

347 331 414 382 55
448 321 605 397 cogit
627 318 696 377 ad
717 320 1012 396 imperium
1036 337 1129 378 res
1156 326 1214 377 et
1239 317 1563 378 concedere
1592 336 1845 395 regnum.

446 405 709 483 [quorum
734 419 971 481 operum
996 419 1195 461 causas
1218 400 1371 461 nulla
1392 403 1609 461 ratione
1632 403 1827 461 videre

442 495 683 566 possunt
708 504 775 545 ac
805 486 924 545 fieri
949 484 1136 544 divino
1158 487 1383 544 numine
1407 485 1621 562 rentur]

441 588 568 629 nam
593 571 740 630 bene
765 571 858 647 qui
884 569 1135 629 didicere
1164 568 1306 629 deos
1330 587 1594 629 securum
1619 587 1793 646 agere
1823 586 2060 649 aevom,

444 657 491 715 si
515 665 700 714 tamen
723 655 940 713 interea
959 654 1226 712 mirantur
1248 671 1357 731 qua
1378 655 1594 713 ratione
1756 711 1765 714 Α

345 749 414 803 60
447 756 706 818 quaeque
726 738 850 814 geri
874 739 1128 815 possint,
1152 733 1489 815 praesertim
1512 736 1684 796 rebus
1709 734 1898 795 inillis

446 840 589 900 quae
614 837 824 898 supera
848 830 1016 898 caput
1038 820 1308 881 aetheriis
1335 830 1640 881 cernuntur
1661 822 1718 879 in
1745 820 1858 879 oris
1875 865 1892 895 ‚

443 924 637 965 rursus
661 906 716 962 in
746 905 998 982 antiquas
1023 903 1346 964 referuntur
1364 903 1659 981 religionis
1677 950 1695 980 ‚

444 999 501 1048 et
526 987 780 1047 dominos
800 989 947 1048 acris
970 988 1330 1066 adsciscunt,
1356 991 1537 1048 omnia
1560 1006 1736 1067 posse

445 1090 588 1150 quos
610 1072 801 1132 miseri
826 1073 1063 1131 credunt
1077 1117 1095 1150 ‚
1122 1073 1300 1154 ignari
1323 1072 1456 1150 quid
1478 1082 1646 1150 queat
1678 1090 1809 1131 esse
1828 1117 1846 1148 ‚

347 1167 414 1219 65
450 1154 581 1233 quid
604 1165 882 1234 nequeat,
911 1157 1059 1216 finita
1083 1165 1341 1235 potestas
1373 1156 1614 1234 denique
1647 1158 1879 1232 cuique„

445 1257 678 1319 quanam
701 1241 772 1298 sit
794 1241 992 1298 rationi
1016 1249 1186 1318 atque
1209 1238 1322 1300 alte
1346 1242 1615 1300 terminus
1638 1239 1878 1298 haerens
1897 1262 1910 1305 ;

445 1341 557 1402 quo
583 1326 759 1400 magis
781 1333 1034 1384 errantes
1063 1342 1236 1384 caeca
1257 1327 1472 1385 ratione
1496 1323 1766 1384 feruntur.

444 1426 586 1484 quae
609 1409 716 1467 nisi
738 1410 965 1485 respuis
990 1427 1065 1467 ex
1087 1410 1269 1468 animo
1290 1407 1579 1486 longeque
1601 1408 1836 1467 remittis

445 1492 529 1551 dis
552 1491 776 1568 indigna
798 1500 998 1569 putare
1021 1492 1318 1571 alienaque
1340 1494 1500 1571 pacis
1524 1509 1718 1552 eorum
1734 1537 1752 1569 ‚
1821 1532 1826 1536 -

353 1584 418 1637 70
450 1573 692 1634 delibata
717 1574 882 1634 deum
907 1594 1013 1655 per
1033 1586 1089 1636 te
1116 1578 1219 1636 tibi
1241 1578 1460 1636 numina
1482 1583 1674 1637 sancta

443 1678 617 1738 saepe
641 1659 910 1729 oberunt;
935 1676 1047 1719 non
1073 1678 1185 1739 quo
1209 1660 1408 1720 violari
1430 1678 1641 1720 summa
1662 1659 1937 1729 deurnvis

442 1744 658 1822 possit,
683 1753 742 1803 ut
766 1762 842 1802 ex
867 1745 945 1802 ira
971 1762 1185 1822 poenas
1215 1755 1416 1822 petere
1440 1744 1650 1804 inbibat
1678 1744 1824 1802 acris
1841 1788 1858 1819 ,

443 1826 547 1886 sed
571 1829 697 1905 quia
720 1836 840 1887 tute
863 1827 965 1887 tibi
989 1828 1212 1906 placida
1236 1846 1363 1887 cum
1386 1847 1529 1907 pace
1548 1829 1782 1906 quietos

445 1913 756 1972 constitues
779 1930 1014 1989 magnos
1045 1915 1248 1972 irarum
1263 1912 1505 1973 volvere
1530 1912 1733 1972 fluctus
1750 1957 1768 1988 ‚

346 2002 411 2054 75
445 2011 555 2054 uec
579 1994 812 2056 delubra
836 1995 1001 2056 deum
1022 1996 1249 2075 placido
1276 2016 1400 2057 cum
1424 2007 1663 2076 pectore
1687 1994 1866 2077 adibis
1881 2040 1898 2072 ‚

441 2096 552 2138 nec
576 2078 646 2138 de
673 2097 918 2157 corpore
942 2099 1085 2159 quae
1110 2090 1308 2142 sancto
1335 2080 1631 2141 simulacra
1656 2080 1909 2139 feruntur

439 2162 496 2220 iu
518 2172 739 2223 mentes
762 2163 1043 2223 hominum
1069 2165 1287 2225 divinae
1310 2167 1497 2227 nuntia
1520 2165 1734 2229 formae
1749 2209 1768 2240 ,

444 2247 741 2323 suscipere
768 2246 911 2306 haec
933 2250 1097 2308 animi
1126 2248 1423 2327 tranquilla
1445 2266 1590 2328 pace
1611 2244 1850 2308 valebis.

440 2328 569 2388 inde
591 2329 787 2389 videre
812 2329 948 2390 licet
979 2332 1159 2410 qualis
1183 2335 1292 2393 iam
1313 2336 1428 2394 vita
1450 2342 1736 2410 sequatur.

347 2418 416 2472 80
445 2429 608 2489 quam
631 2413 857 2492 quidem
882 2426 939 2475 ut
963 2435 994 2476 a
1015 2417 1180 2476 nobis
1202 2419 1346 2477 ratio
1368 2419 1661 2477 verissima
1683 2415 1858 2492 longe

437 2496 667 2575 reiciat,
695 2516 1026 2577 quamquam
1050 2510 1179 2561 sunt
1201 2519 1233 2560 a
1258 2520 1348 2561 me
1372 2500 1542 2561 multa
1564 2499 1823 2579 profecta
1841 2543 1859 2575 ,

437 2579 607 2639 multa
628 2590 815 2642 tamen
833 2593 1050 2644 restant
1074 2595 1132 2644 et
1155 2594 1284 2646 sunt
1307 2584 1549 2645 ornanda
1570 2583 1765 2663 politis

438 2665 731 2726 versibus:
756 2676 846 2726 est
874 2670 1015 2727 ratio
1037 2669 1318 2747 fulyendi
1337 2670 1540 2746 visque
1562 2666 1789 2728 tonandi
1804 2711 1823 2742 ‚

436 2756 565 2806 sunt
587 2759 959 2829 tempestates
983 2762 1041 2811 et
1064 2751 1292 2811 fulmina
1317 2752 1467 2813 clara
1492 2750 1771 2827 canenda,

337 2838 404 2891 85
436 2827 464 2912 Η
491 2833 623 2910 quid
651 2832 856 2893 faciant
879 2845 937 2894 et
962 2853 1070 2913 qua
1093 2835 1164 2894 de
1188 2853 1360 2895 causa
1383 2854 1624 2914 cumque
1647 2835 1924 2901 ferantur;

435 2934 507 2976 ne
532 2916 786 2995 trepides
811 2918 955 2977 caeli
978 2919 1170 2979 divisis
1193 2921 1446 2998 partibus
1468 2938 1692 2996 amem,

435 2999 583 3059 unde
604 2998 803 3061 volans
824 3003 973 3079 ignis
996 3005 1323 3081 pervenerit
1352 3005 1523 3062 autin
1546 3013 1724 3063 utram
1752 3019 1819 3062 se

433 3083 826 3144 verterit'hinc
847 3087 1048 3164 partim
1063 3131 1081 3164 ‚
1114 3104 1227 3165 quo
1250 3097 1421 3165 pacto
1443 3105 1549 3166 per
1571 3086 1701 3146 loca
1722 3092 1889 3162 septa

433 3168 752 3246 insinuarit,
779 3178 837 3228 et
860 3170 989 3229 hinc
1013 3168 1326 3230 dominatus
1349 3180 1410 3229 ut
1435 3171 1705 3231 extulerit
1729 3187 1813 3229 se.
1845 3163 1873 3250 Η

331 3256 399 3309 90
430 3266 667 3326 quorum
689 3267 923 3330 operum
949 3272 1150 3314 causas
1178 3252 1331 3312 nulla
1353 3256 1569 3314 ratione
1599 3252 1795 3313 videre

433 3344 673 3410 possunt
695 3352 763 3393 ac
788 3336 909 3394 lieri
931 3335 1118 3397 divino
1140 3339 1363 3396 numine
1385 3346 1597 3396 rentur.

435 3426 493 3474 tu
522 3416 653 3475 mihi
677 3436 974 3495 supremae
999 3421 1353 3497 praescripta
1373 3420 1441 3479 ad
1468 3420 1700 3480 candida
1733 3420 1910 3481 calcis
