2409 3825
1152 211 1233 272 VI

219 397 321 448 20
345 386 560 464 partim
583 382 737 462 quod
767 383 976 443 fluxum
998 391 1405 460 pertusumque
1428 399 1562 441 esse
1586 379 1846 460 videbat,

355 479 425 529 ut
455 468 611 527 nulla
632 476 837 546 posset
859 467 1076 525 ratione
1100 464 1391 543 explerier
1409 483 1704 546 umquam2

358 554 570 630 partim
593 550 744 629 quod
768 558 952 610 taetro
978 550 1138 626 quasi
1164 565 1554 625 conspurcare
1577 566 1787 628 sapore

278 668 332 705 ς
357 637 549 695 omnia
577 633 883 710 cernebat,
910 650 1304 711 quaecumque
1325 641 1665 711 receperat,
1690 633 1858 692 intus.

360 719 635 779 veridicis
659 719 833 795 igitur
856 717 1117 795 purgavit
1140 724 1381 793 pectora
1404 714 1569 775 dictis
1585 761 1604 792 ,

229 814 327 866 25
357 812 422 862 et
450 803 616 862 linem
638 803 828 862 statuit
852 800 1188 879 cuppedinis
1213 809 1383 877 atque
1405 800 1656 875 timoris,

364 887 749 963 exposuitque
775 885 983 944 bonum
1006 900 1282 944 summum
1299 928 1317 958 ,
1349 900 1462 961 quo
1485 882 1765 943 tendimus
1795 902 1990 946 omnes
2006 931 2027 965 ,

374 970 510 1048 quid
533 969 681 1028 foret
697 1015 715 1046 ,
747 978 917 1046 atque
939 969 1084 1026 viam
1106 968 1470 1044 monstravit,
1496 968 1715 1027 tramite
1739 986 1914 1047 parvo

372 1071 485 1131 qua
504 1070 803 1132 possemus
826 1050 895 1110 ad
917 1050 974 1110 id
1003 1059 1167 1110 recto
1191 1049 1539 1110 contendere
1565 1069 1733 1111 cursu
1752 1098 1770 1130 ,

371 1137 582 1216 quidve
602 1134 731 1195 mali
753 1135 904 1195 foret
925 1136 981 1194 in
1004 1134 1180 1194 rebus
1202 1133 1522 1193 mortalihu'
1545 1137 1752 1213 passim
1770 1181 1787 1213 ,

243 1231 337 1285 30
361 1220 519 1299 quod
544 1221 708 1280 lieret
729 1217 966 1278 naturali
991 1219 1262 1296 varieque
1281 1218 1503 1277 volaret

363 1323 475 1365 seu
496 1322 665 1364 causa
686 1321 790 1364 seu
812 1305 902 1379 vi,
932 1302 1082 1382 quod
1106 1303 1191 1361 sic
1215 1312 1409 1361 natura
1433 1311 1722 1379 parasset,

363 1398 431 1448 et
453 1388 654 1467 quibus
679 1406 713 1447 e
736 1390 918 1464 portis
943 1387 1167 1446 occurri
1190 1387 1396 1463 cuique
1424 1384 1692 1462 deceret,

363 1481 431 1531 et
451 1490 631 1549 genus
657 1470 951 1529 humanum
974 1470 1181 1529 frustra
1204 1468 1540 1548 plerumque
1563 1471 1822 1548 probavit

363 1555 606 1615 volvere
631 1572 886 1614 curarum
906 1555 1083 1613 tristis
1106 1555 1163 1611 in
1184 1561 1427 1631 pectore
1452 1553 1676 1614 fluctus.

243 1651 332 1703 35
367 1658 496 1697 nam
518 1637 692 1699 veluti
718 1640 877 1717 pueri
901 1636 1183 1716 trepidant
1210 1646 1380 1715 atque
1412 1638 1594 1695 omnia
1619 1639 1808 1698 caecis
1836 1635 1845 1644 “

363 1722 702 1782 intenebris
725 1731 1014 1797 metuunt,
1040 1723 1125 1781 sic
1150 1738 1255 1780 nos
1285 1723 1342 1779 in
1364 1719 1495 1780 luce
1519 1723 1777 1781 timemus

358 1805 671 1883 interdum,
697 1805 811 1865 nilo
835 1823 979 1884 quae
1003 1814 1130 1864 sunt
1154 1804 1454 1864 metuenda
1475 1806 1652 1882 magis
1678 1823 1839 1883 quam

364 1907 513 1969 quae
537 1891 700 1968 pueri
727 1890 782 1949 in
807 1889 1059 1951 tenebris
1083 1891 1331 1968 pavitant
1356 1890 1683 1969 linguntque
1706 1888 1904 1950 futura.

359 1974 514 2033 hunc
537 1976 705 2052 igitur
726 1984 1004 2034 terrorem
1026 1973 1594 2052 animi’tenebrasque
1618 1985 1919 2036 necessest

245 2069 334 2122 40
365 2075 482 2117 non
504 2059 641 2117 radii
666 2057 806 2119 solis
828 2076 938 2117 nec
962 2056 1149 2117 lucida
1173 2057 1289 2117 tela
1310 2056 1421 2116 diei

364 2141 697 2219 discutiant,
723 2141 827 2202 sed
847 2150 1078 2202 naturae
1100 2143 1332 2220 species
1357 2143 1630 2220 ratioque.

363 2243 479 2304 quo
501 2228 679 2304 magis
703 2228 993 2304 inceptum
1014 2242 1253 2304 pergam
1277 2234 1582 2304 pertexere
1607 2225 1789 2285 dictis.

448 2307 523 2370 Et
547 2311 806 2392 quoniam
835 2310 1001 2369 docui
1024 2308 1211 2368 mundi
1233 2308 1485 2368 mortalia
1508 2309 1717 2389 templa

360 2412 498 2453 esse
522 2402 581 2454 et
600 2396 789 2453 nativo
815 2395 1131 2457 consistere
1165 2411 1413 2471 corpore
1440 2392 1658 2453 caelum
1675 2439 1694 2470 ,

239 2487 322 2540 45
357 2487 419 2536 et
442 2494 832 2556 quaecumque
857 2480 913 2537 iu
938 2494 1009 2537 eo
1037 2478 1173 2536 fiunt
1190 2484 1557 2556 possuntque
1579 2487 1884 2537 necessest

273 2614 278 2618 .
361 2558 638 2640 pleraque
666 2560 936 2639 dissolui,
969 2579 1112 2639 quae
1136 2570 1351 2622 restant
1376 2563 1613 2639 percipe
1637 2578 1810 2639 porro
1827 2606 1844 2637 ,

366 2644 820 2723 quandoquidem
841 2644 1022 2706 semel
1045 2647 1326 2722 insignem
1353 2643 1744 2704 conscendere
1772 2661 1995 2702 currum

1176 2754 1207 2790 ιιι

359 2851 658 2901 ventorum
681 2843 955 2918 existant,
980 2840 1279 2918 placentur
1301 2841 1484 2899 omnia
1504 2856 1721 2899 rursum

1171 2955 1203 2984 ἵ

362 3068 509 3128 quae
533 3050 781 3128 fuerint,
807 3055 916 3112 sint
940 3051 1166 3131 placato
1194 3069 1473 3111 conversa
1495 3050 1718 3108 furore:

246 3146 328 3198 5o
361 3144 557 3194 cetera
578 3153 723 3214 quae
752 3137 872 3195 fieri
903 3137 1148 3195 interris
1176 3134 1456 3212 caeloque
1482 3142 1709 3194 tuentur

358 3216 633 3280 mortales
651 3267 668 3297 ,
693 3220 912 3300 pavidis
941 3237 1067 3279 cum
1090 3217 1343 3296 pendent
1365 3217 1635 3277 mentibu’
1658 3234 1834 3295 saepe
1852 3264 1872 3295 ,

361 3300 510 3361 haec
533 3301 751 3363 faciunt
769 3306 986 3362 animos
1006 3300 1233 3361 humilis
1257 3300 1552 3361 formidine
1585 3299 1769 3360 divom

364 3383 798 3467 depressosque
820 3396 1082 3465 premunt
1103 3384 1173 3444 ad
1196 3395 1404 3444 terram
1426 3394 1733 3463 propterea
1757 3384 1907 3462 quod

359 3469 672 3546 ignorantia
697 3487 988 3531 causarum
1017 3467 1281 3529 conferre
1306 3469 1539 3529 deorum

2072 213 2194 278 16⁵
