2409 3825
365 537 632 598 deficiunt
652 553 841 615 neque
865 542 992 595 sunt
1013 543 1124 593 tam
1145 532 1324 593 denso
1349 549 1593 612 corpore
1617 536 1818 595 nubes

365 626 748 699 interutraque
773 620 944 696 igitur
967 634 1093 677 cum
1116 616 1259 676 caeli
1283 627 1540 695 tempora
1564 627 1856 696 constant,

366 716 479 766 tum
501 706 690 764 variae
723 720 927 762 causae
959 710 1299 761 concurrunt
1323 699 1569 761 fulminis
1591 718 1819 763 omnes:

364 807 490 849 nam
513 788 732 847 fretus'
714 804 841 865 ipse
872 786 997 844 anni
1018 784 1330 863 permiscet
1352 784 1531 861 frigus
1556 793 1613 845 et
1633 796 1885 863 aestum

241 882 342 937 365
367 889 603 952 quorum
627 878 924 947 utrumque
949 886 1096 946 opus
1118 876 1209 928 est
1224 866 1554 927 fabricanda
1578 868 1647 928 ad
1669 868 1895 929 fulmina
1920 870 2093 944 nubi,

366 965 426 1015 ut
451 952 732 1015 discordia
752 954 832 1012 sit
853 970 1042 1012 rerum
1059 968 1379 1031 magnoque
1410 951 1647 1012 tumultu

367 1038 591 1116 ignibus
623 1046 682 1097 et
703 1039 890 1096 ventis
911 1035 1243 1095 furibundus
1267 1035 1504 1095 fluctuet
1526 1041 1643 1098 aer

367 1124 544 1202 prima
567 1120 773 1180 caloris
806 1121 954 1179 enim
975 1137 1107 1198 pars
1132 1120 1179 1179 si
1203 1128 1294 1179 est
1318 1129 1604 1198 postrema
1627 1122 1832 1198 rigoris
1851 1167 1868 1197 ,

368 1216 592 1283 tempus
615 1203 672 1263 id
695 1213 785 1264 est
805 1221 1074 1279 vernum,
1102 1220 1214 1281 quo
1237 1219 1333 1262 res
1357 1220 1611 1281 pugnare
1632 1213 1939 1265 necessest

238 1298 341 1352 370
371 1287 655 1349 dissimilis
680 1289 825 1347 inter
856 1306 990 1346 sese
1014 1286 1358 1365 turbareque
1380 1289 1609 1348 mixtas:

371 1383 428 1434 et
451 1370 608 1434 calor
632 1381 919 1432 extremus
944 1372 1124 1449 primo
1151 1388 1279 1430 cum
1301 1370 1516 1447 frigore
1539 1373 1742 1431 mixtus

365 1457 612 1516 volvitur
627 1502 645 1533 ,
669 1455 912 1516 autumni
937 1451 1088 1532 quod
1111 1454 1290 1513 fertur
1311 1456 1534 1515 nomine
1557 1463 1812 1534 tempus,

367 1541 460 1601 hic
485 1557 711 1620 quoque
736 1538 1044 1614 confligunt
1065 1537 1283 1597 hiemes
1307 1539 1616 1599 aestatibus
1638 1556 1821 1600 acres.

368 1634 676 1703 propterea
693 1623 859 1701 freta
882 1630 1012 1681 sunt
1034 1621 1178 1682 haec
1200 1623 1327 1680 anni
1348 1622 1722 1683 nominitanda
1737 1670 1754 1699 ,

241 1716 343 1771 375
371 1727 480 1768 nec
502 1709 784 1783 mirumst,
807 1706 862 1764 in
886 1722 958 1766 eo
983 1707 1032 1765 si
1051 1715 1311 1783 tempore
1335 1704 1572 1784 plurima
1593 1706 1749 1767 fiunt·

367 1791 592 1852 fulmina
622 1799 1048 1869 tempestasque
1074 1792 1255 1849 cietur
1276 1789 1495 1850 turbida
1519 1788 1681 1850 caelo
1698 1837 1714 1867 ,

368 1876 594 1955 ancipiti
618 1875 876 1954 quoniam
900 1872 1055 1934 bello
1075 1873 1330 1935 turbatur
1350 1875 1627 1954 utrimque
1645 1921 1663 1952 ,

368 1959 497 2019 hinc
517 1960 747 2019 flammis
763 2004 781 2035 ,
806 1956 960 2018 illinc
986 1960 1171 2018 ventis
1186 2004 1203 2035 ‚
1228 1975 1539 2037 umoreque
1561 1959 1752 2018 mixto.

450 2041 575 2103 Hoc
600 2052 689 2103 est
709 2042 934 2119 igniferi
959 2052 1205 2101 naturam
1228 2042 1470 2102 fulminis
1494 2046 1670 2121 ipsam

244 2138 346 2192 380
367 2128 700 2207 perspicere
727 2136 785 2185 et
809 2144 915 2204 qua
936 2128 993 2184 vi
1013 2125 1182 2185 faciat
1204 2142 1324 2186 rem
1349 2143 1626 2204 quamque
1649 2125 1846 2186 videre
1863 2173 1882 2205 ,

369 2230 481 2271 non
505 2209 793 2286 Tyrrhena
814 2220 969 2270 retro
994 2208 1320 2270 volventem
1346 2212 1586 2269 carmina
1608 2210 1815 2270 frustra

367 2295 569 2354 indicia
593 2293 854 2354 occultae
878 2293 1065 2352 divum
1087 2296 1421 2372 perquirere
1445 2295 1645 2353 mentis
1665 2339 1681 2371 ‚

366 2379 513 2438 unde
537 2377 733 2437 volans
756 2379 903 2455 iguis
926 2378 1254 2457 pervenerit
1277 2386 1370 2436 aut
1399 2380 1454 2436 in
1484 2388 1662 2438 utram
1685 2396 1750 2438 sc

367 2464 602 2523 verterit
626 2461 755 2521 hinc
778 2463 976 2540 partim
993 2507 1011 2538 ,
1038 2479 1151 2540 quo
1174 2470 1345 2540 pacto
1371 2479 1476 2540 per
1499 2461 1629 2522 loca
1658 2470 1854 2540 saepta

242 2555 343 2611 385
367 2547 686 2623 insinuarit,
713 2554 771 2605 et
792 2546 922 2605 hinc
946 2544 1260 2606 dominatus
1283 2554 1343 2605 ut
1369 2545 1635 2606 extulerit
1659 2564 1725 2605 se
1741 2590 1758 2620 ‚

368 2631 574 2710 quidve
596 2648 808 2689 nocere
832 2637 1001 2708 queat
1022 2628 1093 2689 de
1118 2629 1280 2689 caelo
1302 2628 1547 2689 fulminis
1571 2630 1737 2688 ictus.

367 2714 518 2795 quod
542 2716 589 2775 si
616 2714 872 2791 Iuppiter
892 2719 1063 2791 atque
1086 2712 1178 2772 alii
1201 2713 1479 2790 fulgentia
1503 2713 1616 2773 divi

366 2799 617 2859 terrifico
641 2800 890 2875 quatiunt
918 2799 1104 2857 sonitu
1136 2796 1406 2857 caelestia
1427 2795 1639 2875 templa

368 2893 426 2943 et
450 2885 655 2941 iaciunt
677 2884 863 2958 ignem
891 2898 1003 2957 quo
1029 2882 1290 2958 cuiquest
1318 2898 1558 2958 cumque
1582 2879 1846 2958 voluptas
1863 2924 1881 2954 ,

246 2975 349 3030 390
373 2985 473 3026 cur
494 2965 698 3044 quibus
722 2968 1003 3024 incautum
1026 2963 1220 3024 scelus
1244 2964 1560 3025 aversabile
1594 2971 1895 3041 cumquest

365 3067 478 3110 non
502 3050 712 3110 faciunt
731 3050 829 3108 icti
854 3048 1098 3108 flammas
1121 3058 1182 3108 ut
1204 3047 1443 3125 fulguris
1468 3046 1657 3107 balent

364 3143 605 3212 pectore
628 3132 880 3209 perlixO,
908 3130 1186 3191 documen
1214 3130 1540 3190 mortalibus
1563 3147 1696 3190 acre
1715 3176 1731 3207 ‚

368 3224 427 3275 et
451 3216 639 3291 potius
668 3212 819 3273 nulla
841 3213 948 3274 sibi
970 3216 1119 3292 turpi
1145 3216 1409 3274 conscius
1431 3216 1488 3272 in
1513 3232 1577 3273 re

367 3296 614 3355 volvitur
635 3298 691 3354 in
715 3295 945 3355 flammis
968 3298 1228 3356 innoxius
1253 3298 1422 3374 inque
1443 3296 1670 3374 peditur

239 3387 341 3440 395
368 3378 592 3438 turbine
617 3376 853 3445 caelesti
875 3379 1063 3438 subito
1087 3388 1382 3456 correptus
1408 3389 1466 3438 et
1488 3376 1645 3456 igni?

203 205 324 268 174
1153 201 1233 261 VI
2117 0 2384 1068 ἲ

365 381 422 431 et
447 388 570 430 cum
597 380 853 447 tempora
877 386 943 428 se
967 368 1121 426 veris
1147 365 1403 426 florentia
1430 366 1695 445 pandunt.

237 464 341 519 360
363 454 578 532 frigo1e
602 455 750 513 enim
779 450 982 512 desunt
1002 452 1170 527 ignes
1186 495 1204 527 ‚
1227 451 1498 529 ventique
1525 450 1717 510 calore

375 3477 473 3520 cur
497 3461 662 3519 etiam
685 3457 812 3516 loca
834 3457 957 3517 sola
979 3469 1175 3536 petunt
1199 3462 1518 3539 frustraque
1541 3459 1834 3522 laborant?
