2409 3825
394 152 476 218 14

386 2084 451 2134 10

385 2504 447 2555 15

1202 160 1508 217 CATVLLI

1198 326 1492 402 XXVH.

560 456 858 522 Minister
896 456 1094 521 vetuli
1136 479 1295 540 puer
1335 457 1592 522 Falerni

558 541 755 627 Inger
795 540 885 605 mi
929 540 1155 609 calices
1200 543 1572 624 amariores,

557 624 649 690 Vt
691 627 794 690 lex
835 623 1199 690 Postumiae
1241 626 1421 690 iubet
1461 626 1839 713 magistrae,

558 709 835 774 Ebriosa
876 709 1060 774 acina
1103 708 1483 775 ebriosioriS.

558 794 649 857 At
688 815 803 857 vos
847 814 972 876 quo
1014 793 1195 857 lubet
1235 793 1386 859 hinc
1429 795 1627 878 abite,
1669 795 1976 880 lymphae

556 876 714 942 Vini
755 877 1101 960 pernicies,
1148 879 1214 941 et
1256 877 1336 941 ad
1379 899 1632 943 severos

557 959 864 1046 Migrate:
906 960 1013 1026 hic
1054 983 1267 1026 merus
1312 965 1411 1027 est
1452 962 1885 1047 Thyonianus-

1177 1183 1511 1260 XXVIII.

552 1313 808 1381 Pisonis
852 1315 1147 1398 comites,
1193 1315 1422 1380 cohors
1466 1316 1678 1382 inanis

553 1399 745 1483 Aptis
789 1399 1122 1464 sarcinulis
1166 1403 1233 1463 et
1274 1401 1582 1484 expeditis
1593 1451 1613 1484 ,

553 1481 795 1547 Verani
838 1484 1077 1568 optime
1120 1487 1316 1567 tuque
1357 1485 1448 1547 mi
1489 1484 1782 1569 Fabulle,

558 1567 723 1642 Quid
765 1588 977 1632 rerum
1017 1567 1286 1652 geritis?
1333 1568 1572 1634 satisne
1617 1591 1761 1634 cum
1803 1569 1928 1635 isto

551 1649 783 1735 Vappa
823 1651 1189 1736 frigoraque
1233 1655 1300 1716 et
1339 1653 1576 1717 famem
1618 1653 1901 1719 tulistis?

553 1735 953 1818 Ecquidnam
994 1737 1064 1800 in
1105 1735 1342 1800 tabulis
1382 1741 1564 1822 patet
1605 1738 1818 1803 lucelli

553 1819 953 1904 Expensum,
997 1823 1072 1884 ut
1111 1819 1303 1904 mihi,
1349 1821 1458 1905 qui
1498 1844 1711 1886 meum
1754 1825 2008 1888 secutus

552 1902 920 1969 Praetorem
961 1905 1166 1970 refero
1213 1903 1429 1972 datum
1472 1906 1700 1972 lucello

556 1988 646 2052 ‘O
692 1987 984 2073 Memmi,
1029 1989 1191 2054 bene
1237 2012 1339 2054 me
1382 2012 1454 2087 ac
1498 1990 1608 2055 diu
1651 1991 1949 2075 supinum

552 2071 717 2136 Tota
757 2073 885 2137 ista
923 2074 1102 2138 trabe
1144 2074 1354 2138 lentus
1397 2077 1775 2140 mrumasti.’

554 2156 705 2239 Sed,
753 2160 1063 2241 quantum
1105 2158 1290 2222 video
1303 2208 1323 2241 ‚
1366 2159 1507 2243 pari
1548 2160 1759 2224 fuistis

556 2238 750 2305 Casu:
794 2262 946 2305 nam
988 2240 1193 2305 nihilo
1227 2244 1486 2307 minore
1529 2265 1722 2328 verpa

549 2323 728 2387 Farti
772 2326 943 2389 estis.
1001 2328 1149 2409 pete
1191 2326 1442 2391 nobiles
1487 2328 1744 2394 amicos.

549 2409 643 2471 At
683 2408 864 2473 vobis
906 2410 1077 2474 mala
1118 2410 1322 2474 multa
1365 2412 1429 2475 di
1473 2411 1750 2495 deaeque

546 2491 751 2576 Dent,
794 2494 1140 2578 opprobria
1180 2494 1476 2560 Romulei
1517 2496 1844 2588 Remique.

1152 2718 1519 2793 XXVIHI.

550 2848 707 2924 Quis
747 2847 873 2914 hoc
914 2849 1130 2932 potest
1169 2848 1414 2932 videre,
1460 2851 1600 2933 quis
1643 2852 1856 2934 potest
1896 2851 2064 2935 pati,

545 2932 692 2998 Nisi
734 2932 1068 3017 inpudicus
1112 2936 1177 2997 et
1218 2955 1413 2998 vorax
1456 2937 1521 2998 et
1561 2933 1730 3017 aleo,

545 3016 937 3081 Mamurram
978 3015 1214 3082 habere
1262 3017 1432 3101 quod
1478 3016 1745 3083 Comata
1788 3017 1998 3083 Gallia

545 3099 843 3164 Habebat
884 3102 1035 3165 ante
1078 3105 1144 3165 et
1182 3102 1410 3165 ultima
1450 3101 1830 3167 Britannia?

552 3182 828 3245 Cinaede
870 3183 1169 3267 Romule,
1215 3184 1371 3249 haec
1412 3185 1657 3251 videbis
1702 3189 1768 3251 et
1807 3186 2015 3251 feres?

545 3263 644 3324 Es'
681 3266 1019 3345 inpudicus
1061 3273 1119 3330 et
1157 3289 1360 3333 vorax
1399 3273 1459 3334 et
1498 3271 1649 3335 aleo.

547 3342 636 3403 Et
675 3343 785 3407 ille
828 3367 999 3411 nunc
1043 3351 1351 3433 superbus
1395 3356 1461 3416 et
1502 3354 1893 3436 superfluens

545 3420 1019 3492 Perambulabit
1060 3434 1345 3498 omnium
1388 3435 1621 3499 cubilia

2085 160 2307 237 [RVH-
