2409 3825
703 185 867 234 ην.
953 185 1266 237 ΑΤΤιοῠε.
1314 179 1396 234 18.
1441 183 1523 235 io.
1955 173 2076 239 111
2117 172 2126 181 '

142 320 352 403 mani,
408 340 572 403 quae
613 340 752 385 non
791 320 864 384 in
916 342 992 386 eo
1048 342 1165 386 suo
1217 326 1509 405 tempore
1552 322 1638 387 sit
1678 325 1906 390 notata
1992 328 2078 408 et,

144 402 321 488 quod
381 402 832 470 difficillimum
894 403 1049 488 fuit,
1126 406 1220 471 sic
1288 405 1682 472 familiarum
1757 373 2078 494 originem

142 488 504 572 subtexuit,
557 491 634 553 ut
697 507 775 553 ex
837 509 912 554 eo
967 489 1287 555 clarorum
1342 491 1629 556 virorum
1679 492 2077 578 propagines

141 573 466 656 possimus
508 593 912 659 cognoscere.
997 573 1154 639 fecit
1207 574 1333 640 hoc
1385 574 1558 641 idem
1609 597 1677 640 se
1722 576 1956 642 aratim
2004 577 2078 642 in
2104 590 2141 639 3

143 656 295 721 aliis
336 656 550 741 libris,
603 660 679 722 ut
729 655 818 721 Μ.
863 657 1053 722 Bruti
1105 662 1340 743 rogatu
1380 657 1638 725 Iuniam
1709 660 1996 726 amiliam
2038 681 2079 726 a

144 741 349 825 stirpe
393 740 475 806 ad
512 740 684 807 hanc
725 746 1001 807 aetatem
1030 742 1256 807 ordine
1286 744 1774 830 enumeraverit,
1817 748 2075 828 notans,

145 826 263 909 qui
305 846 345 890 a
386 845 642 910 quoque
696 828 905 910 ortus,
961 847 1123 924 quos
1177 826 1459 894 honores
1550 829 1864 913 uibusque
1918 834 2077 894 tem·

194 909 414 975 oribus
478 910 778 993 cepisset:
851 932 996 1008 pari
1058 910 1252 976 modo
1323 910 1537 978 Marce
1564 912 1613 976 li
1682 911 1933 978 Claudii
1997 912 2143 979 de14

221 994 601 1059 arcellorum
612 1043 631 1078 ,
694 991 1014 1079 Scipionis
1080 993 1368 1062 Cornelii
1431 1000 1498 1062 et
1554 995 1742 1063 Fabii
1806 997 2078 1063 Maximi

25 1081 32 1101 ³
143 1074 499 1143 Fabiorum
552 1082 619 1143 et
670 1079 1111 1145 Aemiliorum.
1213 1079 1445 1164 quibus
1496 1080 1681 1157 libris
1732 1081 1903 1146 mhil
1962 1104 2078 1166 po-

142 1165 291 1261 test·
321 1183 457 1261 esse
500 1161 750 1228 dulcius
789 1163 889 1261 iis,
935 1164 1048 1248 qui
1075 1162 1358 1262 aliquam
1368 1164 1803 1249 ‘cupiditatem
1832 1165 2079 1231 habent

143 1250 423 1344 notitiae
465 1245 783 1345 clarorum
824 1267 1127 1323 virorum.
1216 1249 1435 1347 attigit
1474 1250 1773 1347 poeticen
1800 1270 2076 1335 quoque,
2103 1263 2141 1312 5

143 1329 514 1500 Ξξῗωὲῗῑ
548 1352 826 1514 ῗοζὲὲἒ
881 1333 2078 1516 ἰέἷξὲφῗῗθξθεῖἯξέὴὲὼρψιιξῗᾱξὲἓ

143 1498 727 1598 oetems·1}0mam
788 1501 1014 1599 populi
1064 1503 1553 1598 praestiterunt,
1619 1505 1915 1599 exposuit
1966 1506 2077 1586 ita,

141 1588 226 1648 ut
266 1584 387 1649 sub
440 1584 843 1670 singulorum
883 1585 1274 1670 imaginibus
1314 1584 1489 1650 facta
1537 1589 2075 1671 magistratusque
2104 1600 2142 1648 6

25 1680 46 1755 :'²
143 1689 376 1734 eorum
416 1690 556 1735 non
596 1669 871 1753 amplius
914 1670 1244 1753 quaternis
1299 1669 1594 1754 quinisve
1636 1669 1926 1735 versibus
1972 1670 2078 1736 de·

27 2443 40 2486 ῖ
144 2432 398 2495 tunam.
480 2448 759 2528 namque
799 2427 908 2494 hic
949 2432 1290 2495 contentus
1332 2450 1408 2495 or

145 1753 510 1836 scripseritt
574 1752 748 1837 quod
788 1754 898 1819 vix
940 1753 1324 1818 credendum
1370 1758 1497 1837 est,
1540 1757 1755 1819 tantas
1798 1775 1900 1819 res
1943 1758 2077 1818 tam

146 1837 439 1903 breviter
497 1838 783 1923 potuisse
847 1837 1174 1903 declarari.
1284 1841 1383 1902 est
1443 1838 1639 1903 etiam
1693 1859 1862 1904 unus
1914 1837 2082 1905 liber

147 1922 399 1989 Graece
452 1922 807 2004 confectus,
866 1922 943 1988 de
996 1923 1335 1988 consulatu
1378 1921 1725 1989 Ciceronis.

319 2004 498 2072 Haec
538 2007 848 2072 hactenus
891 2008 1109 2073 Attico
1152 2008 1305 2072 vivo
1359 2006 1531 2072 edita
1584 2030 1624 2072 a
1663 2007 1852 2074 nobis
1904 2010 2074 2074 sunt.
2102 2007 2185 2072 19

145 2111 348 2175 nunc,
392 2092 698 2176 quoniam
723 2089 991 2157 fortuna
1030 2113 1151 2158 nos
1179 2093 1554 2175 superstites
1597 2091 1658 2156 ei
1687 2112 1823 2157 esse
1850 2092 2078 2175 voluit,

145 2175 403 2260 reliqua
425 2196 883 2260 persequemur
923 2181 1007 2259 et,
1051 2180 1366 2261 quantum
1405 2175 1824 2261 potuerimus,
1868 2196 2082 2241 rerum

145 2258 461 2344 exemplis
501 2260 772 2326 lectores
813 2259 1212 2343 docebimus,
1255 2259 1423 2326 sicut
1462 2281 1658 2345 supra
1698 2260 1750 2326 ε’
1851 2260 1866 2274 “
1990 2260 2083 2324 vi-

146 2365 326 2428 mus,
380 2364 533 2410 suos
591 2344 821 2428 cuique
874 2365 1086 2410 mores
1135 2345 1520 2494 Plemmffl
1567 2344 1748 2410 conc‘
1762 2428 1877 2494 sm
1949 2344 2083 2411 for·
2107 2441 2141 2489 2

1520 2450 1556 2495 e
1679 2450 1761 2493 ue
1992 2450 2077 2494 uo

148 2517 295 2612 erat
333 2515 542 2598 ortus,
560 2534 658 2611 ‘in
698 2511 1082 2611 affinitatem
1120 2513 1419 2598 pervenit
1457 2449 1897 2597 impeeiqatoriss
1925 2449 2084 2577 l‘iivi

27 2589 30 2666 †
146 2597 303 2681 filii,
368 2615 532 2667 cnm-
554 2618 685 2662 iam
726 2600 877 2663 ante
916 2596 1423 2662 familiaritatem
1464 2596 1602 2661 eius
1655 2600 1824 2662 esset
1863 2616 2083 2662 conse-

27 2753 30 2756 Α
148 2685 341 2749 cutus
378 2675 562 2745 nulla
588 2681 717 2746 alia
755 2701 826 2747 re
869 2701 1062 2766 quam
1090 2680 1414 2767 elegantia
1441 2679 1633 2765 vitae,
1723 2701 1808 2745 ua
1835 2683 2082 2745 ceteros

27 2805 28 2836 v
147 2787 223 2832 ce
273 2769 412 2831 erat
449 2766 772 2849 principes
814 2766 1093 2831 civitatis
1124 2765 1441 2850 dignitate
1467 2765 1630 2850 pari,
1702 2768 1937 2831 ortuna
1961 2764 2080 2829 hu-

145 2788 456 2916 mfiiores.
529 2854 725 2915 -tanta
766 2850 939 2915 enim
978 2871 1130 2935 pros
1178 2850 1371 2916 eritas
1414 2848 1751 2915 Caesarem
1793 2852 1891 2914 est
1931 2869 2081 2915 con·
2107 2857 2142 2909 3

147 2938 401 3018 secuta,
452 2937 528 2999 ut
567 2934 731 3000 nihil
776 2934 836 2999 ei
877 2956 1014 3000 non
1054 2936 1141 2999 tri
1184 2934 1358 2999 uerit
1396 2930 1690 3017 fortuna,
1734 2931 1908 3017 quod
1949 2933 2081 2997 cui-

146 3040 349 3104 quam
375 3021 526 3083 ante
555 3018 887 3101 detulerat,
932 3021 999 3083 et
1025 3018 1403 3103 conciliarit,
1446 3016 1621 3103 qu'od
1647 3037 1840 3083 nemo
1870 3014 2079 3081 adhuc

146 3103 312 3168 civis
343 3099 674 3169 Romanus
716 3102 925 3187 quivit
965 3103 1290 3200 consequi.
1304 3186 1320 3201 .
1374 3106 1531 3167 nata
1572 3104 1670 3167 est
1706 3102 1925 3199 autem
1961 3100 2079 3164 At-
2105 3110 2146 3161 4

28 3206 36 3228 ³
148 3187 283 3254 tico
323 3187 539 3272 neptis
565 3189 673 3253 ‘ex
724 3187 1045 3273 Agrippa,
1098 3207 1204 3252 cui
1255 3186 1577 3271 virginem
1627 3184 1832 3251 filiam
1885 3182 2082 3249 collo·

29 3273 30 3342 3
145 3275 346 3338 catat.
430 3271 600 3337 hanc
643 3270 877 3340 Caesar
932 3271 1042 3336 vix
1084 3270 1455 3336 anniculam
1496 3268 1595 3334 Ti.
1639 3266 1908 3336 Claudio
1950 3265 2081 3333 Ne·

147 3355 331 3439 roni,
373 3353 665 3422 Drusilla
703 3359 859 3453 nato
872 3405 890 3438 ,
930 3354 1236 3453 privigno
1281 3374 1398 3418 suo
1411 3403 1429 3435 ,
1486 3351 1856 3450 despondit:
1871 3433 1886 3448 ·
1914 3370 2081 3447 quae

147 3440 522 3512 coniunctio
563 3438 1098 3507 necessitudinem
1141 3460 1364 3505 eorum
1406 3439 1638 3522 sanxit,
1680 3433 2079 3501 famiharita·
