2409 3825
211 132 334 195 114
1160 131 1242 191 lv

381 318 546 380 quam
568 298 725 358 daret
748 297 1036 357 obiectum
1057 300 1266 376 parmai
1289 297 1451 360 laeva
1472 319 1580 379 per
1602 311 1799 359 artem.

246 396 352 450 845
380 384 638 460 scilicet,
664 392 723 442 et
745 380 964 442 fessum
987 396 1196 460 corpus
1220 383 1483 444 mandare
1509 384 1685 463 quieti

375 468 551 529 multo
573 466 853 544 antiquius
876 474 966 544 est
991 482 1154 543 quam
1176 464 1313 525 lecti
1341 465 1533 545 mollia
1556 476 1728 528 strata
1742 513 1764 544 ‚

376 564 435 613 et
458 551 660 613 sedare
686 550 833 610 sitim
857 549 1013 626 prius
1038 558 1127 608 est
1151 567 1315 627 quam
1336 549 1547 629 pocula
1566 561 1771 611 natum.
1860 606 1865 607 ff

375 636 521 695 haec
541 635 712 711 igitur
733 641 973 711 possunt
997 631 1189 691 utendi
1214 635 1443 711 cognita
1465 652 1636 695 causa

380 719 635 794 credier‚
659 735 733 776 ex
752 734 857 776 usu
889 733 1033 793 quae
1056 724 1184 777 sunt
1207 717 1435 796 vitaque
1459 727 1707 799 reperta.

252 814 354 868 850
376 802 472 862 illa
495 799 721 880 quidem
745 816 1002 859 seorsum
1025 808 1154 860 sunt
1178 803 1360 859 omnia
1375 847 1393 877 .,
1418 819 1563 879 quae
1586 803 1742 880 prius
1768 804 1893 881 ipsa
1926 866 1929 869 ,

378 895 505 946 nata
528 883 741 944 dedere
763 901 898 943 suae
930 892 1062 962 post
1083 885 1335 944 notitiam
1356 882 1625 946 utilitatis.

381 986 492 1048 quo
516 985 732 1046 genere
755 967 809 1025 in
834 966 1026 1046 primis
1053 986 1260 1027 sensus
1285 977 1344 1027 et
1366 968 1616 1029 membra
1637 967 1929 1039 videmus;

381 1070 554 1131 quare
576 1052 742 1111 etiam
771 1059 940 1129 atque
967 1052 1134 1110 etiam
1156 1049 1361 1129 procul
1381 1061 1472 1112 est
1496 1060 1557 1110 ut
1579 1051 1819 1112 credere
1851 1054 2057 1131 possis

381 1134 631 1195 utilitatis
657 1134 730 1192 ob
754 1132 1002 1192 officium
1023 1135 1283 1212 potuisse
1314 1137 1511 1195 creari.
1544 1134 1571 1218 fl

257 1229 359 1283 855
453 1217 479 1298 Η
510 1216 656 1279 lllud
679 1218 812 1276 item
834 1235 946 1277 non
971 1227 1060 1278 est
1086 1217 1394 1280 mirandum
1413 1264 1431 1296 ‚
1459 1221 1718 1299 corporis
1746 1220 1870 1298 ipsa

381 1302 532 1382 quod
554 1310 744 1361 natura
771 1300 955 1360 cibum
979 1303 1194 1380 quaerit
1219 1303 1494 1380 cuiusque
1518 1304 1824 1364 animantis.

383 1388 594 1465 quippe
619 1386 825 1444 etenim
849 1383 1027 1443 fluere
1049 1395 1220 1463 atque
1248 1385 1524 1458 recedere
1551 1405 1792 1464 corpora
1814 1388 1994 1447 rebus

380 1468 553 1529 multa
572 1467 752 1528 modis
777 1466 963 1527 multis
988 1467 1189 1546 docui,
1214 1468 1320 1528 sed
1343 1468 1579 1548 plurima
1604 1471 1814 1530 debent

381 1573 457 1613 ex
477 1549 823 1620 animalibu';
853 1567 1011 1633 quae
1033 1553 1163 1630 quia
1184 1562 1314 1614 sunt
1338 1554 1590 1614 exercita
1609 1564 1764 1614 motu
1779 1600 1796 1631 ,

257 1646 361 1700 860
383 1636 554 1696 multa
576 1653 681 1714 per
698 1652 763 1695 os
789 1633 1118 1694 exhalantur.
1135 1681 1153 1713 ‚
1182 1654 1309 1696 cum
1331 1634 1592 1713 languida
1609 1636 1872 1697 anhelant
1887 1684 1905 1714 ,

382 1719 669 1798 multaque
692 1736 799 1797 per
819 1717 1085 1779 sudorem
1107 1738 1183 1779 ex
1203 1718 1321 1779 alto
1344 1738 1547 1798 pressa
1565 1721 1838 1781 feruntur.

382 1805 471 1865 his
494 1805 664 1880 igitur
683 1802 857 1863 rebus
879 1803 1117 1865 rarescit
1143 1820 1352 1882 corpus
1377 1813 1432 1863 et
1456 1806 1636 1863 omnis

384 1888 669 1956 subruitur
688 1894 907 1955 natura;
935 1884 1098 1946 dolor
1123 1904 1288 1966 quam
1308 1889 1680 1967 consequitur
1700 1906 1839 1948 rem.

384 1980 691 2050 propterea
714 1972 931 2048 capitur
955 1971 1115 2031 cibus
1135 2016 1153 2048 ‚
1178 1981 1239 2031 ut
1261 1969 1542 2032 suffulciat
1570 1982 1721 2033 artus

255 2065 358 2119 865
384 2064 442 2114 et
464 2062 694 2113 recreet
716 2055 867 2113 vires
890 2053 1197 2115 interdatus
1215 2100 1233 2132 ‚
1258 2065 1428 2133 atque
1453 2065 1739 2134 patentem

386 2155 493 2218 per
519 2136 766 2196 membra
787 2155 855 2196 ac
876 2154 1049 2198 venas
1074 2146 1134 2197 ut
1160 2155 1406 2197 amorem
1430 2148 1658 2217 opturet
1683 2139 1906 2201 edendi.

386 2237 547 2280 umor
568 2222 703 2279 item
726 2219 965 2281 discedit
986 2222 1042 2279 in
1066 2224 1249 2282 omnia
1277 2240 1424 2300 quae
1447 2221 1576 2283 loca
1601 2242 1842 2301 cumque

387 2312 633 2384 poscunt
655 2320 933 2363 umorem:
957 2303 1382 2384 glomerataque
1403 2305 1576 2366 multa
1599 2310 1827 2384 vaporis

391 2403 631 2467 corpora
648 2432 666 2464 ,
696 2405 837 2466 quae
862 2389 1154 2450 stomacho
1178 2388 1456 2467 praebent
1480 2390 1738 2449 incendia
1760 2400 1958 2450 nostro
1975 2437 1993 2469 ‚

260 2479 367 2535 870
389 2472 641 2549 dissupat
663 2471 968 2531 adveniens
990 2469 1178 2550 liquor
1197 2490 1266 2531 ac
1288 2475 1588 2552 restinguit
1610 2484 1668 2532 ut
1693 2475 1881 2551 ignem
1898 2520 1914 2551 ,

389 2573 555 2616 urere
579 2574 650 2614 ne
671 2556 855 2633 possit
881 2554 1035 2615 calor
1057 2553 1294 2634 amplius
1316 2555 1503 2618 aridus
1524 2565 1695 2618 artus.
1782 2607 1789 2612 .

390 2643 475 2701 sic
500 2641 668 2717 igitur
688 2638 789 2698 tibi
811 2636 1011 2698 anhela
1032 2640 1154 2698 sitis
1179 2638 1250 2698 de
1276 2656 1524 2719 corpore
1545 2650 1741 2701 nostro

388 2722 661 2800 abluitur,
687 2723 773 2783 sic
797 2722 1059 2800 expletur
1080 2723 1265 2782 ieiuna
1286 2724 1509 2801 cupido.
1543 2723 1571 2809 Η

471 2805 635 2867 Nunc
660 2806 754 2884 qui
778 2806 868 2866 fiat
891 2807 970 2865 uti
994 2823 1197 2884 passus
1223 2805 1485 2885 proferre
1510 2825 1780 2886 queamus
1796 2853 1815 2884 .,

263 2897 366 2953 875
391 2909 518 2951 cum
537 2889 831 2966 volumus‘,
860 2891 1130 2967 varieque
1155 2888 1340 2949 datum
1361 2892 1433 2951 sit
1461 2891 1710 2951 membra
1732 2909 1968 2951 movere
1984 2935 2004 2969 ,

390 2984 449 3035 et
471 2992 616 3052 quae
639 2991 735 3034 res
760 2981 967 3032 tantum
988 2971 1101 3032 hoc
1133 2974 1324 3033 oneris
1350 2974 1689 3051 protrudere
1709 2976 1889 3041 nostri

392 3059 650 3137 corporis
672 3058 940 3135 insuerit,
966 3055 1175 3117 dicam:
1202 3066 1264 3118 tu
1290 3060 1530 3137 percipe
1553 3058 1718 3118 dicta.

386 3142 526 3208 ‚dico
549 3142 732 3200 animo
754 3149 950 3200 nostro
973 3141 1211 3219 primum
1232 3140 1530 3201 simulacra
1551 3140 1771 3201 meandi

390 3224 664 3284 accidere
686 3230 854 3300 atque
878 3224 1115 3282 animum
1142 3222 1405 3302 pulsare,
1428 3234 1489 3285 ut
1514 3224 1753 3285 diximus
1777 3236 1926 3286 ante,

265 3314 369 3368 880
392 3307 521 3367 inde
545 3304 805 3379 voluntas
828 3304 886 3364 fit
903 3327 918 3364 ε
938 3325 1128 3385 neque
1151 3309 1298 3366 enim
1323 3307 1515 3369 facere
1539 3309 1735 3387 incipit
1758 3307 1928 3368 ullam

391 3409 512 3450 rem
537 3390 828 3467 quisquam
846 3432 864 3464 ,
893 3406 1074 3465 quam
1095 3407 1256 3450 mens
1279 3392 1523 3470 providit
1548 3393 1679 3470 quid
1700 3392 1840 3453 velit
1865 3402 2002 3452 ante
