2409 3825
1489 106 2120 258 &imm

1723 258 1916 372 ΑΖ.

1640 410 1890 506 ΙἙἫ

798 573 1602 671 PRAEFArlu·

286 782 359 874 ln
387 813 855 889 recognoscendo
876 814 1482 872 Lucretiano'carmine
1506 832 1632 872 eam
1660 824 2034 889 persequutus
2058 837 2182 875 sum

174 903 355 974 viam,
406 917 576 972 quam
607 899 739 955 olim
770 898 1088 969 significavi
1118 900 1175 955 in
1219 902 1681 957 commentatione
1711 901 1781 957 de
1812 903 2183 960 emendatione

174 987 421 1044 Lucretii
445 984 592 1041 Novi
616 982 800 1037 Musei
830 981 1090 1039 Rhenani
1129 984 1403 1040 volumini
1432 984 1503 1055 V,
1534 987 1645 1043 533
1688 985 1920 1042 inserta.
1995 987 2180 1058 Prope

182 1069 420 1126 eandem
440 1069 595 1126 viam
624 1083 749 1122 cum
777 1065 1172 1123 Lachmannus
1198 1073 1416 1124 teneret
1435 1063 1495 1123 'in
1521 1070 1852 1125 recensione
1875 1086 1998 1139 sua,
2025 1071 2182 1125 cuius

184 1156 411 1212 virtutes
453 1150 689 1209 laudare
734 1152 886 1208 velle
937 1152 1291 1208 ambitiosum
1336 1153 1509 1208 soret=
1558 1158 1744 1208 tamen
1793 1153 1983 1210 evenit
2016 1141 2075 1209 ut
2110 1156 2180 1208 ab

84 1265 88 1272 ·
182 1240 390 1310 aliquot
428 1233 812 1293 recedendum
848 1234 984 1291 mihi
1024 1242 1175 1292 esset
1215 1235 1681 1293 Lachmannianis
1727 1231 2037 1308 scripturis.
2119 1238 2184 1291 In

184 1339 287 1394 quo
329 1321 470 1378 nihil
511 1336 603 1375 me
643 1319 945 1375 indulsisse
982 1319 1198 1376 libidini
1242 1336 1495 1376 seorsum
1539 1337 1572 1377 a
1608 1321 1703 1377 tali
1738 1321 1862 1378 viro
1907 1319 2187 1376 sentiendi

186 1424 251 1463 ex
281 1406 454 1479 ipsiS,
476 1409 555 1460 ·ut
595 1419 798 1476 spem,
837 1405 1007 1460 rebus
1048 1404 1105 1459 in
1144 1405 1345 1475 quibus
1387 1405 1630 1460 cernitur
1677 1404 1967 1460 dissensus
1998 1406 2185 1476 quivis

185 1489 457 1547 candidus
478 1487 788 1559 harumque
811 1504 1000 1543 rerum
1029 1487 1243 1561 peritus
1274 1488 1448 1545 iudex
1466 1488 1752 1560 intelliget.
1812 1487 2183 1544 Nihilominus

188 1574 499 1647 aegerrIme
540 1574 660 1628 fero
692 1571 844 1643 quod
882 1587 987 1644 per
1024 1574 1218 1647 leges,
1274 1588 1416 1644 quas
1458 1571 1588 1629 huic
1620 1572 1915 1643 praefandi
1955 1573 2182 1642 negotio

184 1659 486 1730 bibliopola
513 1656 805 1729 imposuit,
837 1656 1093 1712 omnium.
1118 1657 1483 1713 mutationum
1512 1671 1652 1726 quas
1676 1655 1883 1710 institui
1912 1655 2184 1712 rationem

187 1742 429 1798 reddere
463 1757 612 1796 nunc
640 1740 867 1812 quidem
898 1756 1254 1811 nequaquam
1280 1741 1426 1795 licet.
1498 1739 1691 1793 Donec
1718 1738 1885 1810 igitur
1915 1740 2185 1811 ampliore

190 1825 413 1882 dicendi
435 1826 591 1893 loco,
621 1825 715 1895 qui
738 1823 870 1879 mihi
896 1823 1024 1880 alibi
1046 1830 1305 1897 paratur,
1335 1824 1412 1879 uti
1440 1823 1643 1892 licebit,
1674 1838 1743 1879 eo
1767 1822 2031 1879 redactus
2060 1839 2185 1878 sum

189 1916 273 1981 ut,
338 1907 529 1982 quoad
567 1907 731 1964 huius
774 1907 936 1980 spatii
969 1907 1110 1965 fines
1145 1909 1456 1980 patiantur,
1508 1907 1820 1981 generatim
1864 1913 1919 1964 et
1959 1907 2187 1963 strictIm

185 2011 367 2067 pauca
400 1992 678 2064 quaedam
708 1984 1065 2064 complectar.

300 2079 389 2134 Ac
421 2077 662 2149 primum
695 2074 923 2148 quidem
966 2077 1195 2147 saepius
1241 2092 1409 2148 quam
1448 2077 1839 2133 Lachmannus
1890 2078 2018 2131 fecit
2054 2092 2185 2148 gra-

183 2164 374 2218 viores
409 2161 754 2233 corruptelas
790 2177 824 2215 a
846 2176 1027 2231 prava
1047 2162 1347 2218 vicinorum
1368 2161 1751 2218 vocabulorum
1776 2162 2060 2217 iteratione
2096 2176 2185 2215 re·

182 2246 376 2318 petivi.
451 2243 617 2312 Quod
646 2244 977 2299 mendorum
1015 2261 1197 2316 genus
1241 2261 1409 2315 quam
1453 2246 1614 2301 facile
1651 2246 1747 2301 vel
1787 2245 2186 2316 peritissimum

2198 1465 2222 1496 Ο

64 2396 73 2406 ⁴
184 2332 379 2386 fallere
409 2330 617 2400 possit,
659 2329 808 2383 nullo
836 2327 1031 2400 patefit
1064 2330 1323 2400 exemplo
1347 2328 1712 2385 luculentiore
1741 2344 1908 2400 quam
1936 2325 2073 2401 illud
2103 2332 2204 2393 est·

182 2413 335 2553 guod
350 2415 629 2553 pragbent
640 2428 842 2470 versus
857 2415 982 2485 562,
1008 2415 1110 2471 563
1135 2412 1367 2468 libriVI.
1415 2414 1481 2468 Hi
1511 2415 1590 2468 sic
1617 2413 1931 2469 scribuntur
1958 2413 2016 2468 in
2039 2410 2186 2479 Qua-

221 2502 355 2553 rato-
372 2513 441 2552 co
485 2497 603 2552 icez

389 2588 495 2641 562
525 2590 610 2640 Ad
635 2589 880 2653 caelumq.
913 2587 1086 2655 magis
1101 2569 1304 2654 quanfo
1327 2588 1456 2641 fun‘r
1485 2592 1784 2654 edi‘raqueq.

391 2656 498 2709 563
531 2658 789 2709 Inclina'ra
813 2669 1020 2709 minem·
1048 2673 1100 2707 in
1130 2659 1310 2709 eadem
1330 2660 1471 2724 spdu·
1502 2663 1663 2724 parre
1695 2672 1876 2721 aqueq.

183 2746 409 2815 quicum
442 2746 718 2801 consentit
749 2745 1035 2818 Oblongus
1066 2746 1252 2803 codex
1287 2747 1393 2802 nisi
1428 2748 1580 2818 quod
1606 2746 1870 2804 versiculi
1898 2748 2003 2804 562
2038 2747 2182 2802 clau-

180 2830 362 2884 sulam
401 2829 485 2885 sic
526 2830 791 2901 scriptam
827 2829 1076 2886 exhibet:
1121 2831 1313 2887 aedua
1347 2846 1514 2915 quqq.
1551 2831 1815 2888 versiculi
1858 2835 2041 2885 autem
2086 2833 2191 2887 563

181 2913 497 2968 clausulam
519 2913 630 2968 sic:
647 2915 858 2987 prodet
871 2929 1126 2988 partem.
1153 2932 1207 2970 α.
1231 2933 1284 2970 α.
1309 2932 1362 2987 q.
1385 2932 1438 2987 q.
1478 2931 1605 2970 cum
1637 2915 1847 2971 rasuris
1877 2915 2020 2969 iufra
2045 2929 2187 2985 pun-

182 3002 296 3066 cta,
343 3012 497 3069 quae
536 3004 670 3070 post
708 3003 1004 3071 utrumque
1047 2997 1088 3070 'q
1128 3004 1447 3054 cernuntur.
1532 2999 1650 3056 Iam
1697 3000 1778 3055 sic
1822 2997 2042 3054 duobus
2081 2997 2188 3054 illis

108 3069 119 3083 ’
181 3082 446 3138 versibus
474 3084 578 3137 sub
610 3098 724 3138 uno
754 3088 1060 3154 conspectu
1091 3083 1319 3155 positis,
1349 3081 1563 3153 quisue,
1592 3090 1757 3155 puto,
1791 3083 1966 3138 semel
1995 3081 2189 3137 admo-

129 3177 138 3183 ·
182 3165 324 3221 nitus
358 3164 668 3240 concedet,
714 3166 980 3236 Quadrati
1007 3182 1200 3240 aqueq.
1231 3167 1290 3222 in
1322 3182 1497 3223 versu
1524 3170 1629 3226 563
1668 3168 1745 3222 nil
1774 3183 1904 3222 esse
1932 3165 2038 3220 nisi
2057 3181 2190 3237 pra-

178 3264 310 3305 vam
352 3248 710 3306 iterationem
753 3268 945 3308 earum
985 3250 1321 3321 litterarum,
1371 3265 1516 3321 quae
1558 3252 1804 3322 priorem
1830 3265 2061 3307 versum
2089 3251 2191 3304 562

180 3333 482 3388 claudunt=
518 3333 841 3408 edrraqueq.
906 3332 1105 3403 Neque
1150 3335 1418 3389 aliorsum
1460 3337 1714 3405 spectant
1740 3350 1795 3387 α.
1818 3348 1872 3386 α.
1896 3347 1951 3401 9,·
1971 3346 2028 3401 9,·
2080 3328 2188 3382 Ob-

178 3415 333 3487 longi
360 3415 598 3473 codicis·
659 3418 915 3475 Alterum
950 3418 1099 3472 enim
1128 3417 1164 3473 ὃ
1195 3414 1327 3471 inde
1360 3416 1621 3487 pervenit
1649 3416 1705 3467 in
1738 3413 1888 3467 hunc
1921 3409 2191 3473 codicem,

907 3577 1256 3776 qlga
