2409 3825
1189 215 1268 273 lv
1308 234 1315 245 ·
2153 235 2236 298 99

405 383 586 460 alter,
613 391 673 443 et
702 381 799 441 illa
821 382 960 442 foris
988 398 1131 459 quae
1153 398 1293 441 vere
1317 382 1770 460 transpiciuntnr.

407 470 495 527 sic
516 465 613 526 uhi
649 485 715 527 se
740 467 976 545 primum
998 463 1224 543 speculi
1247 467 1489 543 proiecit
1516 466 1703 542 imago
1721 510 1738 540 ‚

410 551 540 610 dum
563 550 721 610 venit
743 548 814 609 ad
837 558 1064 610 nostras
1086 549 1243 608 acies
1260 594 1279 627 ,
1304 549 1582 627 protrudit
1613 551 1844 627 agitque

264 644 383 697 280
409 640 543 694 aera
567 635 662 712 qui
681 634 830 693 inter
851 652 918 693 se
948 640 1246 709 cumquest
1271 631 1590 710 oculosque
1615 632 1837 692 locatus
1855 678 1874 711 ,

295 724 304 732 “
410 728 470 779 et
490 716 625 778 facit
647 725 707 776 ut
731 718 889 796 prius
912 715 1062 775 hunc
1087 731 1309 775 omnem
1331 718 1543 777 sentire
1567 732 1836 795 queamus

409 819 573 880 quam
595 799 923 880 speculum:
950 799 1054 859 sed
1068 798 1166 858 ubi
1178 798 1476 877 speculum
1491 816 1718 878 quoque
1734 801 2012 860 sensimus
2026 802 2231 880 ipsum,

410 886 675 944 continno
700 902 734 942 a
752 883 917 943 nohis
941 885 1140 942 iterum
1163 900 1309 961 quae
1329 883 1510 943 fertur
1537 885 1722 961 imago

408 969 705 1045 pervenit,
736 975 795 1026 et
816 976 1044 1026 nostros
1068 965 1271 1026 oculos
1294 969 1509 1027 reiecta
1536 969 1767 1043 revisit,

268 1061 381 1113 285
411 1062 582 1130 atque
605 1050 773 1112 alium
802 1068 939 1128 prae
962 1069 1027 1110 se
1056 1049 1394 1129 propellens
1417 1057 1549 1109 aera
1572 1049 1785 1127 volvit,

408 1145 470 1196 et
490 1135 625 1195 facit
647 1144 708 1194 ut
728 1137 885 1213 prius
909 1133 1058 1193 hunc
1083 1151 1248 1211 quam
1269 1153 1334 1194 se
1357 1133 1647 1194 videamus
1663 1180 1680 1210 ,
1707 1134 1894 1213 eoque

407 1219 616 1279 distare
644 1218 715 1277 ab
745 1217 988 1297 speculo
1011 1226 1220 1277 tantum
1240 1227 1457 1277 semota
1477 1217 1716 1278 videtur.

409 1321 583 1382 quare
605 1304 771 1362 etiam
795 1309 965 1379 atque
994 1303 1161 1361 etiam
1183 1302 1407 1361 minime
1429 1303 1681 1361 mirarier
1707 1311 1796 1361 est
1817 1320 1950 1380 par,

405 1386 634 1446 aeribus
658 1385 803 1445 binis
832 1388 1092 1464 quoniam
1115 1403 1211 1444 res
1236 1385 1409 1444 confit
1429 1395 1683 1464 utraque.

267 1477 382 1531 290
405 1487 555 1530 nunc
578 1486 647 1529 ea
670 1487 816 1547 quae
838 1470 1003 1529 nobis
1026 1468 1401 1528 membrorum
1421 1469 1652 1529 dextera
1674 1486 1804 1549 pars
1829 1480 1917 1529 est
1933 1515 1950 1545 ,

404 1556 463 1613 in
486 1550 741 1632 speculis
762 1553 821 1612 fit
844 1560 903 1611 ut
925 1554 980 1611 in
1004 1551 1165 1612 laeva
1185 1552 1445 1613 videatur
1468 1571 1540 1613 eo
1568 1552 1720 1630 quod

406 1635 695 1716 planitiem
715 1636 784 1695 ad
808 1635 1031 1715 speculi
1052 1638 1289 1696 veniens
1315 1654 1442 1696 cum
1465 1636 1698 1695 offendit
1720 1637 1903 1712 imago
1920 1681 1937 1712 ‚

406 1739 519 1781 non
547 1722 899 1780 convertitur
916 1719 1217 1780 incolumis
1234 1767 1251 1797 ,
1279 1718 1384 1780 sed
1405 1728 1565 1779 recta
1593 1728 1903 1780 retrorsum

395 1807 495 1882 ‚sic
516 1802 776 1879 eliditur,
800 1811 861 1861 ut
882 1804 1059 1882 siquis
1077 1849 1094 1879 ,
1125 1806 1283 1882 prius
1307 1802 1458 1862 arida
1482 1821 1646 1881 quam
1668 1805 1740 1863 sit

267 1894 380 1948 ‘295
412 1896 605 1950 cretea
635 1903 912 1966 persona,
942 1886 1147 1947 adlidat
1173 1887 1396 1967 pilaeve
1418 1887 1667 1965 trabive‚

408 1982 578 2049 atque
604 1989 672 2031 ea
696 1973 964 2031 continuo
990 1982 1205 2031 rectam
1230 1974 1278 2032 si
1301 1971 1488 2032 fronte
1513 1973 1743 2049 figuram

407 2064 606 2115 servet
628 2063 687 2114 et
713 2054 910 2114 elisam
929 2064 1086 2115 retro
1115 2073 1251 2115 sese
1276 2057 1548 2134 exprimat
1568 2058 1709 2134 ipsa.

410 2139 508 2198 fiet
529 2139 636 2214 ita,
666 2147 794 2198 ante
817 2137 1019 2198 oculus
1042 2139 1213 2198 suerit
1238 2141 1333 2217 qui
1357 2138 1591 2217 dexter,
1613 2149 1673 2199 ut
1698 2139 1843 2199 idem

412 2240 562 2281 nunc
587 2223 660 2281 sit
682 2219 911 2299 laevus,
940 2230 997 2282 et
1029 2241 1062 2282 e
1084 2221 1252 2282 laevo
1278 2225 1351 2282 sit
1375 2233 1561 2283 mutua
1585 2222 1802 2283 dexter.

267 2313 386 2365 300
415 2306 477 2366 fit
498 2322 727 2384 quoque
750 2304 823 2364 de
850 2303 1093 2385 speculo
1114 2308 1171 2364 in
1194 2306 1491 2384 speculum
1511 2316 1573 2366 ut
1594 2308 1841 2367 tradatur
1866 2297 2085 2383 imago,

410 2391 659 2468 quinque
684 2389 852 2448 etiam
873 2397 982 2449 aut
1003 2408 1110 2450 sex
1136 2398 1198 2448 ut
1222 2391 1344 2449 fieri
1368 2389 1665 2450 simulacra
1688 2393 1919 2451 suerint.

407 2491 534 2532 nam
555 2489 947 2550 quaecumque
968 2482 1124 2533 retro
1152 2484 1314 2551 parte
1338 2476 1608 2533 interiore
1631 2474 1916 2550 latebunt,
1968 2516 1976 2526 .

407 2556 539 2615 inde
562 2565 746 2615 tamen
763 2601 780 2630 ‚
808 2558 1060 2634 quamvis
1085 2566 1234 2618 torte
1256 2558 1597 2636 penitusque
1621 2567 1836 2617 remota
1853 2602 1870 2633 ‚

411 2640 594 2699 omnia
615 2657 722 2718 per
743 2639 926 2699 flexos
950 2639 1131 2701 aditus
1149 2642 1355 2700 educta
1378 2641 1576 2700 licebit

262 2732 378 2785 305
408 2722 668 2802 pluribus
691 2722 833 2781 haec
863 2723 1118 2802 speculis
1143 2724 1439 2784 videantur
1460 2725 1516 2783 in
1537 2723 1773 2783 aedibus
1798 2741 1949 2782 esse.
2016 2727 2033 2733 '

408 2824 593 2886 usque
615 2804 759 2865 adeo
781 2806 1024 2884 speculo
1048 2810 1103 2867 in
1126 2806 1426 2887 speculum
1448 2806 1760 2868 translucet
1782 2808 1967 2883 imago
1983 2851 2001 2882 ‚

411 2899 471 2949 et
497 2907 623 2949 cum
647 2888 810 2948 laeva
832 2890 958 2950 data
980 2901 1104 2967 est,
1129 2891 1189 2950 fit
1211 2909 1404 2951 rusum
1425 2899 1486 2950 ut
1515 2891 1750 2951 dextera
1772 2892 1894 2968 fiat,

408 2972 540 3033 inde
563 2983 718 3033 retro
740 2989 962 3034 rursum
982 2974 1128 3033 redit
1152 2984 1212 3033 et
1237 2975 1586 3034 convertitur
1612 2973 1832 3035 eodem.

411 3058 543 3135 quin
566 3058 732 3117 etiam
753 3074 1144 3135 quaecumque
1168 3056 1445 3118 latuscula
1467 3068 1597 3118 sunt
1620 3056 1984 3136 speculorum

263 3149 381 3202 310
408 3139 646 3200 adsimili
669 3139 862 3200 lateris
885 3139 1096 3200 flexura
1128 3140 1385 3219 praedita
1405 3143 1617 3218 nostri,

410 3223 646 3283 dextera
669 3232 978 3302 eapropter
996 3224 1160 3284 nobis
1185 3224 1483 3285 simulacra
1504 3226 1824 3300 remittunt,

408 3315 504 3367 aut
526 3309 655 3386 quia
678 3305 750 3366 de
774 3306 1017 3386 speculo
1039 3309 1096 3367 in
1124 3307 1423 3386 speculum
1445 3308 1780 3369 transfertur
1807 3310 1990 3386 imago
2006 3352 2024 3384 ‚

408 3390 540 3452 inde
562 3390 632 3450 ad
654 3407 760 3451 nos
785 3389 927 3451 elisa
949 3391 1037 3451 his
1059 3391 1319 3469 advolat,
1344 3403 1437 3452 aut
1460 3393 1627 3451 etiam
1650 3390 1801 3470 quod

412 3476 626 3534 circum
646 3476 863 3552 agitur,
890 3492 1016 3534 cum
1039 3477 1228 3552 venit,
1253 3478 1438 3552 imago
1463 3483 1769 3552 propterea
1791 3473 1943 3583 ‘¹32⁶

1835 3572 1852 3610 s
