2409 3825
260 236 385 300 120
1217 235 1294 295 1v

431 406 691 483 corporis
709 449 728 481 ‚
754 413 811 464 et
833 403 1034 466 dentes
1059 402 1294 463 inlidunt
1316 421 1492 482 saepe
1517 401 1738 464 labellis
1755 450 1774 481 ,

431 487 747 566 osculaque
770 487 1078 564 adfligunt,
1105 488 1235 565 quia
1257 503 1370 545 non
1393 495 1482 546 est
1512 504 1652 565 pura
1678 487 1944 566 voluptas

355 624 358 627 ,
432 581 492 632 et
515 571 725 631 stimuli
748 571 1027 646 subsunt,
1054 573 1149 648 qui
1172 571 1440 646 instigant
1468 569 1700 630 laedere
1724 571 1780 631 id
1802 574 2022 650 ipsum,

264 664 398 721 1075
431 655 830 735 quodcumque
855 663 943 715 est
959 700 977 731 ‚
1000 655 1190 713 rabies
1213 652 1360 713 unde
1383 652 1552 719 illaec
1575 656 1829 731 germina
1859 665 2121 734 surgunt.

429 738 538 800 sed
561 735 767 798 leviter
790 756 1008 815 poenas
1038 736 1244 814 frangit
1270 736 1465 799 Venus
1488 740 1634 796 inter
1658 756 1906 798 amorem
1922 785 1941 816 ‚

430 821 750 899 blandaque
774 821 1024 881 refrenat
1042 839 1265 881 morsus
1291 820 1530 880 admixta
1553 819 1834 899 voluptas,

430 923 674 983 namque
706 906 762 963 in
788 922 859 963 eo
884 924 1023 983 spes
1049 914 1171 982 est,
1198 903 1348 964 unde
1380 915 1471 964 est
1493 903 1709 966 ardoris
1735 908 1898 982 origo
1918 952 1937 983 ‚

385 988 388 992 ’
431 990 709 1065 restingui
736 1005 963 1067 quoque
994 1005 1171 1067 posse
1194 988 1265 1047 ab
1291 987 1493 1047 eodem
1521 1006 1766 1067 corpore
1795 990 2085 1049 flammam.

262 1085 400 1139 1080
435 1070 587 1150 quod
615 1073 734 1131 lieri
760 1081 955 1132 contra
981 1081 1158 1133 totum
1180 1080 1374 1131 natura
1401 1083 1710 1150 repugnat:

432 1173 654 1235 unaque
685 1173 782 1215 res
811 1154 955 1214 haec
979 1164 1103 1230 est,
1132 1157 1291 1214 cuius
1318 1173 1431 1233 quo
1453 1173 1618 1233 mage
1642 1155 1879 1235 plurima
1907 1155 2192 1218 habemus
2211 1204 2236 1238 ‚

435 1249 545 1299 tam
568 1241 746 1316 magis
777 1239 1025 1299 ardescit
1049 1238 1165 1297 dira
1190 1238 1512 1317 cuppedine
1537 1249 1761 1318 pectus.

431 1340 557 1382 nam
585 1321 747 1382 cibus
776 1331 947 1401 atque
977 1340 1137 1382 umor
1158 1323 1426 1382 memhris
1460 1322 1768 1383 adsumitur
1790 1322 1968 1391 intus;

435 1425 582 1484 quae
606 1407 866 1484 quoniam
894 1416 1080 1465 certas
1102 1415 1346 1484 possunt
1372 1404 1639 1466 obsidere
1664 1408 1841 1487 partis
1856 1453 1875 1483 ‚

262 1501 398 1556 1085
433 1488 547 1550 hoc
569 1488 739 1549 facile
764 1487 1031 1568 expletur
1054 1488 1283 1548 laticum
1304 1489 1642 1569 frugumque
1670 1489 1907 1571 cupido:

434 1592 510 1634 ex
530 1573 770 1632 hominis
793 1590 933 1631 vero
959 1571 1107 1632 facie
1142 1571 1498 1652 pulchroque
1524 1572 1721 1634 colore

433 1655 511 1716 nil
542 1657 779 1717 daturin
806 1674 1015 1735 corpus
1035 1666 1267 1736 praeter
1285 1655 1583 1717 simulacra
1605 1657 1902 1717 fruendum

433 1742 649 1809 tenvia;
676 1758 821 1819 quae
844 1750 1091 1800 mentem
1112 1759 1251 1819 spes
1282 1749 1463 1818 raptat
1495 1758 1673 1820 saepe
1705 1739 1942 1801 mIsella.

434 1833 497 1884 ut
528 1824 729 1884 bibere
751 1825 806 1882 in
829 1827 1042 1884 somnis
1066 1825 1263 1884 sitiens
1290 1841 1457 1902 quom
1482 1825 1732 1902 quaerit,
1759 1833 1817 1885 et
1840 1841 2002 1882 umor

268 1920 404 1974 1090
435 1925 551 1967 non
578 1907 770 1984 datur,
794 1907 1055 1968 ardorem
1080 1908 1175 1986 qui
1192 1906 1458 1968 membris
1484 1909 1776 1986 stinguere
1801 1909 2025 1987 possit,

434 1988 540 2050 sed
569 1989 797 2049 laticum
820 1992 1116 2052 simulacra
1138 1993 1282 2071 petit
1304 1991 1625 2071 frustraque
1652 1991 1867 2052 laborat

434 2076 491 2132 in
515 2074 816 2153 medioque
840 2077 955 2135 sitit
979 2077 1215 2135 torrenti
1245 2075 1469 2134 flumine
1500 2085 1702 2154 potans
1720 2122 1736 2152 ‚

434 2160 520 2218 sic
545 2159 601 2217 in
630 2176 819 2218 amore
853 2158 1050 2218 Venus
1076 2158 1387 2219 simulacris
1413 2158 1551 2219 ludit
1571 2162 1801 2219 amantis
1821 2205 1838 2235 ‚

429 2260 539 2301 nec
563 2243 769 2300 satiare
794 2252 1005 2320 queunt
1028 2242 1343 2322 spectando
1369 2260 1610 2321 corpora
1637 2261 1823 2303 coram
1840 2290 1857 2319 ‚

261 2338 395 2391 1095
427 2343 537 2385 nec
560 2325 811 2384 manibus
837 2327 1135 2404 quicquam
1158 2328 1370 2386 teneris
1399 2326 1673 2386 abradere
1700 2327 1967 2387 memhris

429 2418 671 2487 possunt
695 2417 950 2469 errantes
974 2411 1174 2469 incerti
1200 2427 1445 2489 corpore
1470 2419 1609 2469 toto,

431 2490 678 2570 denique
704 2510 832 2551 cum·
851 2494 1117 2553 membris
1143 2492 1383 2554 conlatis
1408 2494 1548 2554 flore
1572 2493 1829 2553 fruuntur

429 2578 665 2652 aetatis,
689 2577 796 2635 iam
827 2595 953 2635 cum
976 2579 1264 2656 praesagit
1287 2577 1489 2654 gaudia
1522 2595 1733 2657 corpus

429 2669 599 2738 atque
630 2662 686 2719 in
708 2670 838 2721 eost
858 2659 1056 2721 Venus
1078 2671 1137 2720 ut
1167 2659 1460 2720 muliebria
1485 2670 1749 2721 conserat
1777 2676 1906 2718 arva
1924 2704 1943 2735 ‚

262 2757 401 2809 lloo
429 2743 679 2821 adfigunt
703 2744 867 2805 avide
898 2762 1105 2823 corpus
1128 2745 1476 2823 iunguntque
1501 2744 1707 2805 salivas

430 2829 545 2887 oris
573 2837 631 2888 et
658 2829 928 2906 inspirant
951 2836 1281 2908 pressantes
1312 2828 1573 2888 dentibus
1599 2846 1696 2887 ora
1714 2872 1732 2905 ‚

428 2913 767 2990 nequiquam
784 2957 803 2989 ,
833 2913 1091 2990 quoniam
1112 2909 1190 2970 nil
1218 2911 1347 2971 inde
1373 2911 1645 2971 abradere
1669 2919 1909 2991 possunt

428 3014 538 3055 nec
563 3005 865 3074 penetrare
896 3004 953 3055 et
976 2995 1140 3055 abire·
1162 2996 1219 3054 in
1253 3013 1463 3075 corpus
1491 3013 1734 3075 corpore
1763 3002 1917 3054 toto:

428 3097 551 3138 nam
574 3078 768 3138 facere
792 3079 1069 3139 interdum
1097 3076 1254 3139 velle
1277 3088 1335 3139 et
1363 3088 1584 3140 certare
1608 3077 1883 3138 videntur.

266 3175 395 3227 1105
429 3181 613 3241 usque
636 3162 778 3222 adeo
805 3162 1011 3242 cupide
1034 3164 1088 3221 in
1108 3159 1355 3225 Veneris
1383 3163 1754 3243 compagIbus
1779 3162 2055 3243 haerent,

428 3246 678 3306 membra
701 3245 1006 3326 voluptatis
1033 3246 1162 3305 dum
1181 3249 1238 3306 vi
1268 3247 1547 3308 labefacta
1569 3246 1910 3326 liquescunt.

428 3329 653 3390 tandem
676 3328 772 3388 ubi
795 3349 862 3389 se
886 3331 1071 3408 erupit
1095 3333 1287 3391 nervis
1314 3330 1574 3391 conlecta
1600 3329 1806 3409 cupido
1824 3374 1842 3407 ‚

428 3430 602 3491 parva
626 3412 685 3471 fit
713 3411 930 3473 ardoris
955 3412 1192 3473 violenti
1217 3433 1391 3492 pausa
1414 3431 1741 3493 parumper:

427 3495 557 3555 inde
580 3495 727 3555 redit
750 3495 938 3557 rabies
962 3496 1161 3556 eadem
1183 3507 1241 3557 et
1269 3497 1426 3557 furor
1450 3496 1548 3557 ille
1572 3497 1804 3572 revisit,
