2409 3825
734 202 903 251 xxm
986 199 1298 251 A‘rncus.
1339 197 1423 249 21.
1467 197 1552 249 22.
1986 188 2108 255 113

167 342 241 405 at
289 360 371 404 ue
411 336 538 403 hoc
588 337 964 422 priusquam
1008 336 1068 402 ei
1096 335 1430 421 accideret,
1471 339 1815 422 postquam
1854 338 1929 405 in
1973 338 2107 405 dies
2134 351 2170 403 4

169 361 432 489 dolores
474 442 830 488 accrescere
871 421 1215 506 febresque
1240 420 1578 487 accessisse
1610 422 1829 506 sensit,
1872 423 2039 509 Agri

221 530 329 572 am
429 528 691 571 enerum
756 504 838 570 ad
898 526 966 571 se
1020 505 1254 570 arcessi
1318 504 1507 570 iussit
1574 508 1639 571 et
1703 527 1849 572 cum
1902 528 1979 572 eo
2033 445 2111 573 K

234 612 391 656 orne
424 591 552 655 'um
595 588 874 654 Balbum
916 587 1309 673 Sextumque
1363 588 1784 657 Peducaeum.
1869 590 1993 656 hos
2035 594 2111 656 ut
2137 603 2169 653 5

169 676 431 740 venisse
472 673 665 757 vidit,
722 673 795 737 in
838 674 1125 738 cubitum
1167 673 1430 738 innixus
1485 677 1840 757 ‘quantam’
1896 673 2113 760 inquit

174 766 424 824 ‘curam
490 757 1016 842 diligentiamque
1090 757 1163 821 in
1225 756 1594 823 valetudine
1667 779 1812 824 mea
1869 758 2114 825 tuenda

171 844 305 908 hoc
356 847 646 925 tempore
701 840 1130 923 adhibuerim,
1195 862 1344 910 cum
1407 863 1524 907 vos
1574 844 1774 908 testes
1815 842 2112 928 habeam,

172 927 348 992 nihil
388 946 646 990 necesse
690 929 787 990 est
826 924 1118 1009 pluribus
1147 912 1360 990 ve‘rbis
1390 946 1907 992 commemorare.
1973 928 2113 1011 qui-

171 1012 302 1076 bus
354 1010 688 1095 quoniam,
745 1013 820 1074 ut
872 1029 1091 1093 spero,
1146 1009 1458 1094 satisfeci,
1511 1031 1615 1074 me
1668 1010 1836 1075 nihil
1878 1011 2113 1097 reliqui

174 1095 437 1177 fecisse,
482 1092 657 1178 quod
700 1093 781 1157 ad
823 1091 1179 1158 sanandum
1222 1114 1325 1158 me
1415 1094 1747 1177 efflueret,
1790 1095 2114 1179 reliquum

178 1183 282 1244 est
322 1183 397 1244 ut
424 1198 457 1243 e
507 1182 679 1243 omet
717 1177 878 1242 mihi
907 1177 1256 1243 consulam.
1328 1178 1353 1242 i
1425 1200 1540 1244 vos
1567 1179 1870 1264 ignorare
1896 1180 2111 1245 nolui:

173 1284 335 1328 nam
448 1263 461 1275 '
519 1262 532 1275 ’
580 1265 709 1326 stat
749 1262 920 1327 alere
962 1263 1262 1326 morbum
1305 1260 1614 1328 desinere.
1698 1285 1977 1347 namque
2005 1264 2108 1330 bis
2137 1278 2171 1328 6

175 1347 405 1411 diebus
448 1345 759 1493 quidquid
801 1346 952 1418 cibi,
981 1345 1256 1429 sumpsi,
1312 1345 1406 1410 ita
1444 1346 1722 1430 produxi
1762 1348 1992 1430 vitam,
2036 1351 2114 1413 ut

178 1431 472 1497 auxerim
529 1429 609 1494 do
639 1451 780 1495 ores
844 1430 1002 1515 sine·
1047 1450 1159 1513 spe
1221 1427 1465 1496 salutis.
1576 1451 1775 1515 quare
1833 1452 1876 1495 a
1925 1432 2112 1497 vobis

173 1518 333 1600 peto
375 1515 655 1598 primum
666 1564 685 1597 ‚
738 1516 814 1578 ut
854 1513 1195 1579 consilium
1236 1513 1522 1610 probetis
1563 1535 1808 1612 mjeum,
1859 1513 2110 1600 deinde,

35 1690 36 1695 ἵ
173 1621 266 1664 ne
306 1599 549 1664 frustra
589 1596 987 1663 dehortando
1029 1596 1340 1682 impedire
1384 1605 1752 1665 conemmi’.

350 1681 490 1747 Hac
546 1683 837 1747 oratione
881 1682 1102 1746 habita
1140 1685 1327 1747 tanta
1380 1683 1743 1748 constantia
1794 1683 1972 1749 vocis
2016 1687 2107 1749 at-
2126 1681 2213 1748 22

174 1788 308 1852 que
350 1767 586 1851 vultuS‚
627 1770 879 1832 utnon
922 1788 1002 1830 ex
1043 1766 1195 1847 vita,
1241 1765 1353 1831 sed
1396 1788 1475 1831 ex
1512 1765 1703 1834 domo
1745 1767 1818 1832 in
1846 1766 2109 1834 domum

173 1851 507 1917 videretur
548 1850 845 1937 migrare,
890 1871 1040 1932 Q
1078 1849 1338 1935 quidem
1389 1850 1683 1937 Agrippa
1745 1872 1894 1918 eum
1945 1852 2107 1918 flens
2136 1864 2170 1914 2

177 1942 378 2020 atque
432 1937 728 2001 osculans
781 1938 998 2018 oraret
1029 1938 1233 2020 atque
1269 1936 1658 2022 obsegraret,
1700 1957 1785 2003 ne
1825 1935 1895 2001 id
1937 1938 2114 2022 quod

175 2025 415 2086 natura
456 2024 730 2107 cogeret,
773 2020 912 2103 ipse
954 2040 1211 2104 quoque
1254 2019 1378 2084 sibi
1404 2013 1804 2104 acceleraret,
1849 2024 1916 2087 et
1957 2043 2114 2107 quo·

173 2105 359 2170 niam
410 2108 551 2169 tum
605 2124 858 2188 quoque
901 2108 1120 2186 posset
1170 2103 1570 2188 temporibus
1624 2126 1984 2189 superesse,
2042 2126 2113 2172 se

176 2190 305 2254 sibi
360 2189 618 2273 suisque
692 2191 1072 2271 reservaret,
1136 2208 1356 2272 preces
1427 2188 1565 2254 eius
1615 2188 1941 2255 taciturna
1993 2210 2111 2255 sua

180 2273 619 2339 obstinatione
663 2273 990 2370 depressit.
1075 2271 1167 2337 sic
1211 2293 1356 2362 (mm
1396 2272 1665 2339 biduum
1706 2273 1849 2339 cibo
1887 2295 1957 2339 se
1999 2273 2108 2340 ab·
2136 2285 2170 2336 3

179 2359 516 2423 stinuisset
525 2408 543 2440 ‚
610 2358 822 2421 subrto
876 2355 1075 2422 febris
1131 2356 1403 2422 decessit
1466 2357 1796 2442 leviorque
1848 2358 2112 2424 morbus

180 2464 320 2507 esse
366 2462 478 2506 coe
524 2441 594 2506 it.
666 2444 885 2510 tamen
911 2440 1315 2525 propositum
1355 2440 1564 2506 nihilo
1607 2442 1812 2508 secius
1839 2443 2110 2527 peregit.

177 2526 401 2673 staffile
496 2527 556 2590 ie
620 2525 845 2609 quinto
861 2575 879 2607 ,
941 2531 1060 2608 pos
1136 2547 1286 2589 uam
1339 2524 1407 2589 id
1463 2526 1815 2591 consilium
1855 2525 2110 2607 inierat,

224 2611 284 2675 ri
335 2610 389 2673 'e
443 2608 589 2674 Kal.
645 2609 903 2698 Apriles
958 2608 1076 2674 Cn.
1187 2608 1412 2674 omitio
1469 2608 1539 2675 G.
1584 2607 1771 2675 Sosio
1830 2609 2111 2674 consuli·

224 2716 302 2759 us
360 2693 645 2758 decessit.
733 2694 938 2757 elatus
982 2695 1079 2757 est
1119 2693 1192 2757 in
1246 2692 1570 2777 lecticula,
1624 2697 1699 2759 ut
1749 2694 1887 2776 ipse
1927 2714 2109 2777 prae·
2134 2704 2173 2756 4

175 2778 586 2860 scripserat‚‘
619 2777 758 2841 sine
821 2776 957 2841 ulla
1016 2798 1259 2860 pompa
1310 2776 1585 2861 funeris,
1652 2777 2111 2844 comitantibus

177 2861 486 2927 omnibus
535 2862 754 2944 bonis,
806 2860 1087 2925 maxima
1128 2860 1310 2947 vulgi
1351 2861 1734 2945 frequentia.
1821 2860 2112 2946 sepultus

176 2949 279 3011 est
320 2946 502 3009 iuxta
543 2945 714 3008 viam
757 2944 1038 3028 Appiam
1091 2944 1172 3009 ad
1260 2945 1517 3012 uintum
1546 2945 1827 3032 lapidem
1866 2947 1940 3011 in
1974 2964 2109 3012 mo·

169 3032 493 3096 numento
539 3028 613 3105 Q.
659 3028 938 3113 Caecilii,
984 2967 1288 3094 avuncuii
1331 3030 1449 3095 sui.

945 3299 1346 3315 *—

273 3585 544 3630 comtum
569 3585 736 3627 Raros.
1173 3645 1174 3648 Ἴ
1205 3643 1215 3648 -
1264 3643 1275 3650 ‚
1667 3584 1704 3634 8
