2409 3825
331 145 454 212 112
878 159 1047 209 xxv.
1128 159 1440 209 uncus.
1491 154 1574 206 20.
1619 155 1704 205 21.

223 298 312 365 20
329 302 463 365 tem
514 294 791 361 reddidit
845 295 945 360 fre
990 296 1369 361 uentiorem.
1469 316 1857 380 quamquam
1899 298 2050 360 ante
2094 294 2243 360 haec

330 381 659 466 sponsalia
709 402 846 446 non
898 401 970 445 so
997 402 1136 464 um,
1194 402 1343 444 cum
1396 379 1477 445 ab
1530 380 1689 445 urbe
1743 381 2024 465 abesset,
2075 401 2246 445 num·

319 486 525 551 ‘quam
590 464 673 531 ad
736 486 999 530 suorum
1107 452 1451 547 uerisq‘uam
1512 463 1762 529 litteras
1822 463 2029 548 misit,
2098 464 2248 548 quin
2334 466 2359 485 ⁹

327 550 549 615 Attico
591 550 905 633 mitteret,
949 486 1106 633 quid
1145 551 1368 633 ageret
1396 631 1410 645 .
1437 546 1510 611 in
1551 548 1777 632 primis
1818 547 1978 632 quid
2019 548 2248 634 legeret
2348 510 2364 603 l

269 649 301 698 2
332 634 690 784 qpiibusque
730 634 803 698 in
844 634 1004 781 locits
1035 636 1113 730 ,et
1153 597 1460 781 qussaff‘issu
1503 637 1695 781 esset}e
1707 636 2105 782 moraturg's,
2145 632 2251 697 sed

1142 739 1222 780 ur
1359 737 1393 780 e
1780 715 1970 781 infim

327 739 1268 952 Ξιξέιζξῗιῖὲῑῗέἓῗξῗιῖαεῗαθρᾳ,
1285 738 1735 949 tquaartiuirzgllet,
1769 800 1989 866 Attico
1991 738 2252 950 affundit?

331 907 717 1067 scgbigmtus
730 907 894 1067 eggis
930 905 1552 1067 ggigealilqgigesde
1574 906 2014 1067 :aggilunigalte-
2048 907 2256 1066 abeueld

331 1057 686 1143 requireret
695 1103 714 1137 ,
768 1053 962 1119 modo
1019 1055 1303 1151 ahquam
1345 1058 1789 1136 quaestionem
1836 1057 2161 1137 poeticam
2200 1073 2258 1118 ei

329 1138 741 1222 pffloneret,
781 1136 1104 1207 interdum
1133 1156 1354 1202 locans
1394 1137 1529 1203 eius
1557 1137 1960 1203 verbosiores
2003 1138 2261 1203 eliceret
2360 1086 2373 1197 l

270 1233 305 1286 3
332 1221 657 1306 epistolas,
744 1243 823 1286 ex
907 1243 993 1287 uo
1036 1221 1299 1305 accidit,
1354 1242 1503 1310 cnm
1553 1221 1729 1286 aedis
1768 1221 1945 1287 Iovis
1988 1207 2265 1287 Fefg’trii

331 1308 404 1371 in
447 1306 799 1391 Capitolio,
843 1328 882 1370 a
966 1305 1247 1371 Romulo
1292 1306 1661 1389 constituta,
1704 1309 2025 1371 vetustate
2067 1310 2266 1390 atque

331 1391 581 1456 incuria
624 1388 873 1457 detecta
899 1390 1364 1475 prolaberetur,
1407 1394 1482 1455 ut
1508 1390 1712 1455 Attici
1743 1389 2079 1455 admonitu
2108 1389 2268 1456 an-
2358 1386 2373 1465 Ι

272 1488 309 1536 4
336 1497 441 1540 sar
483 1496 626 1540 eam
666 1473 1074 1540 reficiendam
1117 1478 1404 1539 curaret·
1471 1495 1682 1559 neque
1715 1496 1869 1541 vero
1912 1497 1953 1539 a
1994 1473 2085 1540 M.
2129 1477 2270 1539 An-
2362 1496 2375 1611 1

330 1559 515 1625 tonio
558 1558 773 1624 minus
814 1559 1046 1624 absens
1087 1558 1321 1624 litteris
1364 1557 1721 1642 colebatur,
1763 1557 1924 1625 adeo
1967 1563 2042 1624 ut
2082 1579 2269 1623 accu-

334 1647 473 1708 rate
521 1643 635 1709 ille
690 1665 769 1708 ex
821 1643 1066 1709 ultimis
1106 1643 1326 1725 terrie,
1383 1642 1540 1727 quid
1591 1648 1840 1728 ageret,
1893 1664 2084 1708 curae
2139 1644 2271 1708 sibi

273 1739 306 1789 ὅ
334 1727 604 1793 haberet
664 1727 1000 1792 certiorem
1061 1726 1275 1792 facere
1330 1727 1639 1793 Atticum.
1724 1725 1852 1793 hoc
1915 1727 2106 1812 quale
2159 1728 2272 1812 sit,
2358 1694 2375 1793 l

331 1811 588 1877 facilius
632 1812 1020 1879 existimabit
1059 1811 1115 1876 is
1126 1862 1147 1895 ,
1192 1810 1307 1895 qui
1347 1810 1628 1877 iudicare
1667 1811 1939 1897 poterit,
1982 1815 2275 1896 quantae

338 1896 426 1961 sit
467 1896 828 1994 sapientiae.
874 1918 1098 1963 eorum
1149 1895 1428 1962 retinere
1480 1918 1668 1962 usum
1718 1895 2276 1963 benevolentiam-

334 2001 479 2065 que,
522 1983 694 2045 mter
734 2002 897 2065 quos
939 1981 1363 2046 maximarum
1390 2002 1608 2050 rerum
1632 2002 1770 2047 non
1795 1980 2008 2046 solum
2047 2002 2277 2047 aemu-

299 2064 493 2131 -latio
506 2115 526 2148 ,
581 2065 693 2131 sed
747 2066 1127 2132 obtrectatio
1191 2069 1377 2131 tanta
1427 2064 1888 2148 intercedebat,
1955 2069 2279 2149 quantam

333 2149 463 2214 fuit
512 2148 956 2233 [intercedere]
1003 2170 1264 2216 necesse
1305 2149 1477 2214 inter
1514 2148 1855 2222 Caesarem
1895 2153 2086 2235 atque
2129 2151 2279 2215 An-

335 2232 609 2316 tonium,
654 2254 800 2314 §Q
842 2253 910 2297 se
953 2237 1223 2319 uterque
1254 2234 1614 2319 principem
1653 2254 1791 2299 non
1832 2233 2042 2300 solum
2081 2234 2273 2301 urbis
2374 2267 2375 2270 ¹

336 2314 601 2399 Romae,
644 2315 756 2380 sed
799 2316 973 2383 orbis
1013 2323 1332 2383 terrarum
1373 2339 1508 2384 esse
1551 2321 1830 2402 cuperet.
2376 2367 2377 2370 ,

234 2398 317 2465 21
509 2397 654 2484 Tali
711 2400 904 2467 modo
970 2423 1117 2467 cum
1168 2406 1416 2486 septem
1476 2405 1544 2467 et
1593 2402 2005 2488 septuaginta
2053 2423 2274 2468 annos
2368 2419 2378 2435 ·

336 2484 954 2636 οοωρῷεεᾳὲὓΐθὴᾳιιο
977 2480 1099 2551 'RH
1133 2492 1484 2635 exgraefmam
1535 2490 1930 2584 senectutem
1968 2508 2106 2656 ntor?
2146 2488 2273 2636 113-
2372 2455 2377 2562 ἶ

335 2591 461 2635 nus
504 2568 687 2668 digni
890 2592 1043 2636 uam
1338 2575 1697 2655 ortunaque
1729 2592 2002 2637 crevisse
2100 2593 2166 2636 m
2246 2610 2275 2620 -

336 2658 439 2720 tas
492 2674 670 2719 emm
722 2590 1350 2720 herelditatesgmnulla
1403 2655 1533 2721 alia
1585 2676 1657 2720 re
1713 2643 1908 2742 quffi
1971 2656 2275 2722 bonitate
2375 2593 2378 2794 1

340 2742 719 2805 consecutus
748 2739 871 2823 est)
913 2742 1223 2824 tantaque
1251 2739 1676 2824 prosperitate
1704 2761 1860 2805 usus
2092 2740 2276 2806 vale-

278 2834 311 2884 2
339 2823 613 2907 tudinis,
672 2827 747 2889 ut
788 2823 975 2887 annis
1017 2823 1290 2909 triginta
1329 2823 1647 2888 medicina
1686 2844 1825 2889 non
1865 2824 1936 2888 in
2095 2824 2111 2839 ‘

336 2911 563 2973 nactus
606 2911 705 2973 est
743 2907 1070 2991 morbum,
1125 2928 1318 2992 quem
1369 2907 1559 2974 initio
1618 2911 1685 2973 et
1736 2909 1876 2992 ipse
1929 2912 1996 2975 et
2034 2908 2276 2976 medici

339 2994 893 3077 contempserunt:
956 3012 1111 3057 nam
1170 2995 1486 3076 putarunt
1538 3013 1676 3057 esse
1726 2996 2093 3079 tenesmon,
2160 2996 2275 3059 cui
2372 3027 2376 3041 ·

278 3085 313 3133 8
340 3076 624 3141 remedia
673 3075 907 3141 celeria
966 3075 1311 3160 faciliaque
1373 3097 1492 3160 pro
1541 3076 1922 3144 onebantur.
2016 3078 2090 3143 in
2139 3076 2277 3145 hoc
2368 3069 2376 3169 j

340 3178 504 3238 cum„
526 3162 658 3224 tres
709 3179 962 3224 menses
1017 3159 1156 3225 sine
1209 3160 1361 3225 ullis
1404 3159 1485 3227 do
1514 3161 1763 3244 oribus,
1816 3165 2279 3258 praeterquam
2366 3173 2375 3252 ’χ

341 3257 503 3318 quos
565 3261 646 3305 ex
702 3241 1033 3307 curatione
1093 3243 1414 3328 capiebat,
1471 3250 1999 3336 conju-mpsisset,
2052 3246 2278 3314 subito

338 3320 523 3382 tanta
562 3322 660 3385 vis
701 3325 911 3390 morbi
952 3326 1025 3390 in
1052 3326 1255 3391 imum
1283 3327 1661 3393 intestinum
1687 3331 2005 3416 prorupit,
2048 3335 2126 3396 ut
2166 3353 2282 3398 ex·
2372 3391 2373 3400 2

341 3401 551 3464 tremo
594 3406 883 3487 tempore
923 3429 1041 3491 per
1082 3409 1338 3477 lumbos
1389 3412 1643 3479 fistulae
1693 3414 1876 3499 puris
1918 3416 2279 3501 eruperint.
