2409 3825
1183 194 1266 255 IV

391 374 452 425 et
475 363 712 424 divisior
736 366 888 424 inter
905 383 972 423 se
994 380 1064 423 ac
1086 363 1412 424 distractior
1433 374 1613 424 actus.

476 446 553 508 Et
578 465 691 525 quo
718 450 958 526 quisque
979 447 1105 507 fere
1135 447 1324 507 studio
1352 447 1650 508 devinctus
1673 448 1977 527 adhaeret,

262 540 374 595 ‘³60
394 542 488 591 aut
521 532 771 611 quibus
754 549 811 590 m
833 532 1005 591 rebus
1031 530 1263 591 multum
1290 550 1481 591 sumus
1504 541 1633 592 ante
1654 534 1852 591 morati

368 626 566 701 atque
587 617 644 675 in
668 633 738 675 ea
755 616 974 674 ratione
997 615 1099 674 fuit
1131 625 1396 676 contenta
1417 618 1596 692 magis
1617 633 1777 676 mens
1796 662 1812 692 ‚

394 701 451 758 in
476 701 688 760 somnis
713 697 911 759 eadem
933 699 1270 779 plerumque
1292 699 1547 758 videmur
1569 701 1760 767 obire;

398 784 670 844 causidici
695 801 895 844 causas
923 801 1097 860 agere
1122 793 1185 844 et
1207 800 1553 862 componere
1581 784 1748 861 leges
1766 829 1784 860 ‚

398 867 828 946 induperatores
850 884 1105 946 pugnare
1130 886 1199 928 ac
1225 867 1445 946 proelia
1473 868 1669 927 obire
1654 915 1671 945 ‚

266 960 374 1015 965
397 961 597 1011 nautae
627 961 975 1012 contractum
1000 969 1127 1010 cum
1148 954 1335 1012 ventis
1361 952 1576 1029 degere
1606 950 1818 1012 bellum
1835 999 1852 1029 ‚

396 1054 502 1096 nos
532 1054 704 1114 agere
731 1036 843 1095 hoc
863 1045 1053 1096 autem
1074 1044 1133 1096 et
1154 1046 1407 1097 naturam
1428 1053 1704 1114 quaerere
1734 1053 1922 1095 rerum

399 1136 631 1198 semper
656 1130 716 1180 ct
735 1122 1019 1181 inventam
1044 1122 1244 1200 patriis
1267 1134 1559 1199 exponere
1584 1120 1809 1180 chartis.

401 1215 595 1266 cetera
618 1206 703 1265 sic
724 1203 907 1265 studia
930 1213 1101 1283 atque
1121 1214 1273 1265 artes
1300 1204 1636 1283 plerumque
1663 1204 1924 1265 videntur

397 1291 456 1348 in
478 1290 688 1348 somnis
715 1291 928 1348 animos
953 1288 1237 1347 hominum
1259 1288 1522 1349 frustrata
1544 1299 1761 1349 tenere.

266 1379 377 1435 970
398 1382 458 1433 et
480 1375 821 1452 quicumque
848 1372 971 1432 dies
994 1371 1201 1432 multos
1229 1391 1301 1433 ex
1331 1371 1527 1432 ordine
1556 1372 1704 1432 ludis

398 1456 660 1517 adsiduas
685 1457 962 1517 dederunt
986 1473 1193 1535 operas
1212 1502 1230 1534 ‚
1261 1456 1597 1535 plerumque
1620 1455 1873 1515 videmus
1889 1501 1907 1534 ,

400 1559 529 1599 cum
558 1542 668 1600 iam
694 1540 1034 1600 destiterunt
1056 1559 1126 1599 ea
1148 1541 1414 1600 sensibus
1438 1556 1711 1617 usurpare
1730 1585 1747 1615 ,

399 1623 645 1684 relicuas
670 1634 858 1684 tamen
880 1642 1018 1685 esse
1042 1625 1162 1684 vias
1185 1626 1243 1682 in
1268 1634 1456 1684 mente
1483 1623 1727 1702 patentis
1743 1668 1759 1698 ‚

404 1725 514 1786 qua
535 1710 758 1786 possint
778 1708 977 1767 eadem
1001 1725 1188 1767 rerum
1210 1708 1510 1768 simulacra
1532 1707 1760 1765 venire:

257 1800 367 1856 975
403 1810 510 1871 per
528 1791 735 1852 multos
758 1794 950 1869 itaque
974 1790 1073 1851 illa
1094 1790 1217 1852 dies
1242 1791 1439 1852 eadem
1465 1790 1836 1850 obversantur

405 1885 534 1937 ante
558 1874 760 1937 oculos
778 1924 796 1955 ,
822 1878 989 1936 etiam
1015 1875 1317 1953 vigilantes
1339 1882 1400 1955 ut
1426 1875 1722 1936 videantur

403 1979 641 2021 cernere
662 1960 917 2022 saltantis
942 1970 1001 2020 et
1026 1959 1217 2019 mollia
1238 1960 1489 2020 membra
1510 1961 1788 2020 moventis
1809 2006 1827 2036 .,

403 2055 461 2105 et
485 2045 729 2106 citharae
755 2045 1026 2123 liquidum
1053 2061 1281 2106 carmen
1308 2044 1664 2123 chordasque
1689 2044 1976 2122 loquentis

387 2129 624 2189 ⁴auribus
649 2131 917 2206 accipere
935 2174 953 2205 ‚
984 2136 1044 2187 et
1070 2145 1408 2189 consessum
1433 2145 1674 2188 cernere
1697 2128 1937 2187 eundem

269 2222 377 2277 980
400 2215 709 2292 scenaique
736 2211 903 2273 simul
924 2214 1116 2272 varios
1139 2211 1446 2291 splendere
1473 2212 1736 2272 decores.

401 2316 583 2375 usque
608 2295 752 2357 adeo
776 2298 963 2375 magni
985 2296 1164 2356 refert
1184 2297 1427 2356 studium
1451 2306 1622 2375 atque
1645 2296 1908 2375 voluptas
1926 2342 1943 2373 ‚

404 2391 462 2441 et
486 2382 689 2462 quibus
710 2383 770 2440 in
791 2382 966 2442 rebus
996 2382 1325 2440 consuerint
1348 2400 1484 2441 esse
1508 2382 1727 2460 operati

401 2483 513 2525 non
533 2465 790 2526 homines
819 2465 1003 2526 solum
1027 2465 1133 2526 sed
1157 2482 1302 2525 vero
1324 2465 1578 2525 animalia
1609 2472 1829 2523 cuncta

402 2551 616 2628 quippe
636 2548 857 2610 videbis
883 2566 1065 2628 equos
1089 2549 1291 2626 fortis,
1320 2565 1447 2609 cum
1469 2549 1717 2608 membra
1739 2547 2039 2626 iacebunt,

267 2641 372 2695 985
398 2635 455 2691 in
480 2634 694 2694 somnis
717 2633 920 2693 sudare
942 2644 1126 2694 tamen
1157 2635 1493 2711 spirareque
1517 2649 1748 2730 semper

404 2727 463 2777 et
487 2719 646 2795 quasi
670 2717 741 2777 de
765 2717 948 2795 palma
970 2736 1212 2778 summas
1238 2716 1588 2777 contendere
1606 2717 1745 2774 viris

399 2809 496 2860 aut
522 2802 684 2880 quasi
704 2802 1031 2863 carceribus
1057 2801 1357 2881 patefactis
1403 2845 1720 2859 ......

398 2894 817 2963 venantumque
842 2904 1014 2947 canes
1037 2889 1094 2945 in
1116 2884 1274 2945 molli
1300 2903 1480 2964 saepe
1508 2885 1701 2964 quiete

398 2970 607 3029 iactant
632 2985 795 3030 crura
814 2980 1000 3030 tamen
1026 2970 1216 3030 subito
1234 2986 1534 3048 vocesque
1558 2976 1799 3046 repente

266 3060 377 3114 990
399 3054 622 3114 mittunt
645 3063 706 3114 et
729 3055 935 3115 crebro
958 3054 1274 3114 redducunt
1300 3054 1527 3113 naribus
1552 3070 1713 3112 auras
1733 3097 1751 3128 ,

400 3147 462 3197 ut
485 3140 733 3216 vestigia
753 3141 802 3198 si
828 3147 1058 3198 teneant
1079 3139 1306 3199 inventa
1332 3138 1576 3198 ferarum
1592 3183 1610 3215 ‚

400 3222 915 3302 expergefactique
940 3232 1209 3283 secuntur
1231 3224 1411 3282 inania
1436 3240 1614 3301 saepe
1670 3223 1671 3226 ’

403 3323 705 3367 cervorum
728 3307 1023 3367 simulacra
1041 3354 1058 3385 ‚
1082 3306 1254 3384 fugae
1285 3310 1444 3386 quasi
1472 3306 1658 3367 dedita
1684 3314 1952 3381 cernant,

401 3389 588 3450 donec
610 3391 889 3452 discussis
912 3391 1149 3466 redeant
1173 3392 1460 3451 erroribus
1483 3391 1553 3451 ad
1575 3412 1658 3452 se.

267 3479 375 3534 995
400 3483 456 3542 at
481 3484 757 3535 consueta
787 3474 935 3534 domi
961 3474 1274 3534 catulorum
1302 3475 1502 3534 blanda
1524 3492 1784 3554 propago

2102 194 2225 261 117
