2409 3825
205 186 330 253 104
1155 187 1236 250 lv

456 357 719 435 Denique
741 356 820 415 nil
843 355 977 417 sciri
1000 355 1178 434 siquis
1203 362 1394 433 puta‘t,
1420 355 1476 414 id
1499 373 1728 435 quoque
1754 359 1942 419 nescit

373 461 443 502 an
472 442 609 501 sciri
630 442 849 518 possit,
875 441 1136 518 quoniam
1159 437 1237 497 nil
1261 441 1411 499 scire
1434 439 1659 500 fatetur.

374 525 525 585 hunc
553 525 725 601 igitur
748 534 945 583 contra
974 524 1187 581 mittam
1217 523 1567 583 contendere
1593 542 1858 603 causam,

246 613 350 669 470
375 610 469 689 qui
491 609 679 686 capite
704 610 831 686 ipse
850 608 1028 668 suain
1051 608 1243 666 statuit
1270 608 1516 685 vestigia
1544 627 1697 668 sese.

374 702 432 753 et
451 700 639 751 tamen
665 691 779 751 hoc
803 708 1031 789 quoque
1051 691 1131 749 nti
1155 688 1467 749 concedam
1490 693 1675 770 scire,
1701 701 1755 751 at
1773 692 1869 751 id
1852 711 2043 772 ipsum

376 792 674 873 quaeram,
703 792 830 834 cum
851 777 907 832 in
930 774 1103 844 rebus
1127 775 1251 833 veri
1282 772 1360 832 nil
1383 775 1589 834 viderit
1613 786 1741 836 ante
1759 821 1776 852 ,

374 859 523 918 unde
547 859 689 918 sciat
713 857 846 936 quid
870 859 942 917 sit
964 859 1114 917 scire
1140 867 1198 918 et
1231 860 1459 917 nescire
1482 860 1731 919 vicissim
1750 904 1767 936 ,

374 943 626 1002 notitiam
646 943 771 1000 veri
793 959 938 1018 quae
959 959 1055 1000 res
1084 940 1330 1020 falsique
1356 944 1596 1020 crearit,

248 1032 350 1088 475
374 1034 432 1085 et
456 1024 683 1084 dubium
713 1033 874 1085 certo
899 1043 1043 1103 quae
1065 1043 1162 1086 res
1186 1024 1415 1085 differre
1438 1026 1706 1104 probarit.

375 1111 631 1169 invenies
662 1109 855 1186 primis
885 1109 954 1169 ab
979 1108 1247 1173 sensibus
1270 1128 1405 1170 esse
1433 1119 1676 1170 creatam

375 1193 630 1252 notitiem
650 1194 805 1269 veri,
829 1211 1018 1270 neque
1044 1212 1250 1252 sensus
1276 1210 1453 1271 posse
1483 1193 1674 1254 refelli

376 1295 502 1336 nam
523 1278 734 1354 maiore
759 1275 869 1337 fide
895 1276 1069 1336 debet
1093 1278 1406 1355 reperirier
1426 1275 1564 1336 illud
1581 1324 1599 1354 ,

378 1369 584 1439 sponte
609 1378 709 1423 sua
731 1362 886 1420 veris
910 1359 1062 1438 quod
1085 1362 1272 1440 possit
1292 1361 1525 1419 vincere
1550 1360 1720 1420 falsa:

247 1451 352 1507 480
381 1443 513 1524 quid
534 1446 744 1504 maiore
769 1444 878 1504 fide
900 1461 1072 1523 porro
1096 1462 1264 1523 quam
1291 1463 1496 1505 sensus
1518 1443 1715 1504 haberi

379 1525 595 1588 debet?
616 1546 687 1588 an
708 1527 778 1587 ab
804 1547 978 1590 sensu
1005 1526 1153 1589 falso
1176 1530 1320 1588 ratio
1346 1537 1469 1588 orta
1490 1527 1703 1588 valebit

378 1613 573 1673 dicere
597 1629 701 1673 eos
726 1621 952 1690 contra,
979 1630 1124 1691 quae
1149 1621 1269 1672 tota
1288 1612 1358 1672 ab
1383 1612 1647 1672 sensibus
1679 1622 1801 1671 orta
1823 1610 1958 1671 est?

379 1699 474 1776 qui
497 1697 605 1756 nisi
626 1704 758 1757 sunt
785 1696 939 1774 veri,
962 1697 1107 1756 ratio
1133 1712 1362 1774 quoque
1386 1694 1530 1756 falsa
1552 1696 1612 1756 fit
1634 1697 1831 1755 omnis.

376 1799 446 1840 an
469 1787 738 1859 poterunt
760 1780 964 1842 oculos
986 1798 1154 1841 aures
1175 1778 1608 1859 reprehendere
1624 1825 1642 1857 ,
1665 1798 1733 1839 an
1755 1797 1922 1840 aures

247 1871 352 1927 485
375 1861 602 1926 tactus?
623 1882 693 1925 an
711 1864 862 1927 hunc
888 1881 1060 1943 porro
1083 1873 1296 1926 tactum
1319 1881 1488 1943 sapor
1510 1872 1710 1942 arguet
1733 1865 1846 1925 oris
1864 1909 1881 1941 ‚

375 1967 446 2009 an
471 1948 837 2009 confutabunt
861 1967 1027 2009 nares
1053 1947 1280 2010 oculive
1303 1946 1640 2008 revincent?

378 2051 523 2109 non,
558 2040 618 2092 ut
647 2034 881 2112 opinor,
907 2036 982 2094 ita
1008 2042 1112 2093 est.
1141 2050 1268 2092 nam
1293 2050 1556 2093 seorsum
1579 2034 1782 2111 cuique
1807 2041 2073 2110 potestas

380 2116 645 2193 divisast,
671 2134 773 2177 sua
793 2118 882 2178 vis
908 2119 1207 2195 cuiquest,
1233 2115 1478 2195 ideoque
1502 2134 1751 2177 necesse
1775 2127 1864 2177 est

381 2208 439 2259 et
467 2199 620 2277 quod
645 2198 819 2260 molle
846 2202 919 2261 sit
943 2210 1000 2261 et
1022 2199 1276 2277 gelidum
1299 2199 1604 2261 fervensve
1631 2217 1891 2260 seorsum

251 2291 357 2345 490
379 2294 438 2343 et
462 2300 725 2343 seorsum
748 2285 934 2344 varios
957 2302 1144 2343 rerum
1170 2284 1384 2344 sentire
1412 2283 1640 2344 colores
1655 2328 1674 2361 ,

381 2375 438 2427 et
464 2384 855 2445 quaecumque
880 2367 1156 2428 coloribu'
1180 2369 1292 2428 sint
1319 2368 1618 2428 coniuncta
1639 2366 1864 2427 videre:

381 2467 615 2512 seorsus
639 2452 775 2510 item
800 2469 973 2530 sapor
1002 2454 1117 2511 oris
1140 2451 1312 2511 habet
1333 2453 1446 2510 vim
1464 2497 1481 2529 ,
1508 2468 1742 2511 seorsus
1767 2450 1975 2512 odores

379 2543 717 2612 nascuntur,
742 2552 967 2595 sorsum
991 2537 1228 2596 sonitus.
1262 2534 1508 2613 ideoque
1532 2552 1779 2594 necesse
1804 2544 1894 2594 est

377 2637 490 2678 non
509 2619 731 2698 possint
753 2618 895 2679 alios
918 2617 1012 2678 alii
1038 2621 1381 2678 convincere
1404 2636 1628 2679 sensus.

251 2710 353 2765 495
378 2721 489 2763 nec
510 2720 683 2782 porro
714 2711 983 2780 poterunt
1005 2703 1116 2780 ipsi
1142 2701 1568 2780 reprehendere
1594 2720 1727 2764 sese
1745 2746 1762 2778 ,

376 2805 558 2864 aequa
581 2785 722 2846 fides
747 2788 1007 2864 quoniam
1029 2784 1263 2845 debebit
1282 2802 1515 2863 semper
1535 2784 1750 2845 haberi.

379 2869 617 2948 proinde
646 2869 799 2948 quod
820 2872 876 2928 in
901 2878 1186 2948 quoquest
1210 2868 1297 2929 his
1320 2869 1507 2929 visum
1529 2877 1790 2949 tempore
1805 2914 1823 2946 ,
1846 2878 2133 2930 verumst.

378 2964 439 3014 et
462 2956 646 3014 sinon
667 2956 878 3032 poterit
900 2954 1041 3013 ratio
1066 2951 1389 3013 dissolvere
1414 2969 1640 3013 causam
1655 2998 1672 3029 ,

380 3055 481 3097 cur
504 3057 572 3098 ea
594 3055 741 3116 quae
765 3036 971 3097 fuerint
992 3037 1186 3095 iuxtim
1211 3034 1507 3114 quadrata,
1535 3033 1740 3114 procul
1763 3037 1876 3095 sint

248 3130 354 3182 500
374 3122 498 3181 visa
519 3119 758 3182 rutunda
773 3166 791 3198 ,
816 3129 1001 3180 tamen
1023 3127 1276 3199 praestat
1297 3121 1531 3181 rationis
1554 3127 1822 3196 egentem

376 3199 620 3265 reddere
642 3204 916 3264 mendose
941 3221 1140 3264 causas
1161 3205 1454 3280 utriusque
1482 3203 1695 3280 figurae
1715 3248 1734 3279 ,

379 3306 544 3367 quam
566 3288 821 3349 manibus
849 3286 1145 3347 manifesta
1166 3289 1284 3347 suis
1309 3288 1569 3346 emittere
1595 3301 1877 3364 quoquam

377 3380 436 3430 et
463 3370 679 3430 violare
705 3369 873 3429 fidem
894 3371 1127 3446 primam
1151 3378 1209 3428 et
1233 3366 1566 3429 convellere
1588 3377 1706 3429 tota

375 3453 735 3514 fundamenta
759 3451 964 3531 quibus
987 3453 1205 3511 nixatur
1227 3455 1339 3512 vita
1370 3452 1660 3530 salusque.
