2409 3825
708 182 856 239 xxv.
920 181 1267 233 munus.
1307 174 1494 230 9-11.
1974 169 2062 236 55

107 321 675 469 ipsleigloinsugrat,
717 319 909 416 iussit
917 340 933 383 :
985 318 1387 468 5230quss
1424 322 1656 468 oirnatu
1697 320 2062 470 vesti-tgiqutre‘a²

111 424 567 569 ξείᾱὶεϋοτιξε,
607 420 947 571 Ρὲἓῖἕιξέιηῇ
974 422 1044 551 ion
1072 423 1459 552 eumeffolculm
1478 422 2060 573 {effizssossgvenia
2085 418 2132 563 ⁴,

112 572 396 657 decepti
448 571 671 637 ordine
727 575 919 669 atque
983 571 1218 635 vestitu
1269 572 1581 656 impetum
1633 572 1705 637 in
1767 592 1915 639 eum
1967 572 2062 638 fa·

113 659 356 740 ciunt,
410 656 525 742 qui
573 659 945 740 suppositus
997 659 1151 720 erat,
1260 655 1667 739 praedixerat
1718 660 1934 722 autem
1981 657 2062 722 iis

113 741 470 823 Datames,
512 759 659 804 cum
700 740 934 823 quibus
973 739 1099 804 iter
1137 738 1432 824 faciebat,
1482 741 1558 805 ut
1594 740 1806 823 parati
1848 745 2063 806 essent

113 825 375 907 facere,
418 824 591 908 quod
631 825 841 908 ipsum
883 822 1207 887 vidissent.
1294 825 1449 908 ipse,
1493 827 1570 888 ut
1608 830 2058 890 concurrentes
2086 836 2119 886 5

115 908 552 976 insidiatores
605 908 890 973 animum
945 907 1254 991 advertit,
1296 908 1429 974 tela
1479 908 1551 973 in
1604 928 1715 973 eos
1769 909 2059 975 coniecit.

115 993 267 1060 hoe
335 991 506 1057 idem
563 1012 708 1056 cum
760 991 1045 1056 universi
1097 991 1432 1075 fecissent,
1543 992 1871 1078 riusquam
1922 1015 2062 1077 per·

118 1076 443 1224 venirelnt
503 1064 585 1225 adt
635 1096 810 1161 eum,
871 1096 1062 1160 quem
1119 1074 1384 1162 aggredi
1434 1097 1522 1142 vo
1579 1076 1764 1161 bant,
1828 1079 2062 1143 confixi

377 1181 536 1224 erun
566 1210 582 1225 .

119 1181 442 1308 coanic
489 1249 708 1309 tamen
760 1246 894 1308 tam
957 1242 1224 1309 callidus
1274 1244 1377 1308 vir
1427 1248 1710 1311 extremo
1773 1249 2061 1330 tempore
2085 1244 2162 1310 10

121 1333 373 1415 captus
413 1331 511 1392 est
537 1327 947 1412 Mithridatis,
983 1329 1437 1394 Ariobarzanis
1463 1329 1601 1412 filii,
1645 1329 1812 1393 dolo.
1884 1352 2063 1394 nam·

122 1434 270 1500 que
325 1413 385 1477 is
434 1413 759 1496 pollicitus
812 1414 911 1476 est
949 1412 1088 1498 regi
1141 1433 1210 1479 se
1253 1433 1399 1476 eum
1439 1411 1954 1497 interfecturum,
2005 1414 2063 1478 si

123 1498 195 1564 ei
243 1516 367 1561 rex
390 1497 814 1580 permitteret,
857 1499 933 1561 ut
1012 1495 1413 1580 uodcumque
1455 1497 1650 1561 vellet
1686 1496 1908 1562 liceret
1946 1498 2063 1562 im·

174 1602 318 1647 une
347 1580 576 1664 facere,
617 1580 934 1664 fidemque
1003 1601 1039 1646 e
1066 1600 1144 1645 ea
1169 1601 1241 1645 re
1267 1600 1445 1644 more
1473 1580 1812 1649 Persarum
1839 1581 2068 1646 dextra

122 1605 441 1731 Redisset.
543 1663 712 1729 hanc
774 1667 849 1728 ut
908 1665 1153 1748 accepit
1205 1687 1246 1728 a
1295 1685 1364 1728 re
1412 1685 1446 1729 e
1500 1664 1785 1747 missam,
1841 1666 2060 1749 copias
2088 1678 2120 1727 2

125 1753 337 1837 parat
377 1751 446 1813 et
485 1748 711 1813 absens
753 1747 1099 1813 amicitiam
1151 1768 1297 1812 cum
1338 1684 1609 1813 ffatame
1651 1748 1837 1831 facit,
1892 1770 1960 1813 re
2013 1750 2064 1813 ’s

125 1831 511 1922 provincias
553 1835 761 1917 vexat,
804 1831 1065 1897 castella
1099 1835 1444 1930 expugnat,
1485 1852 1753 1918 magnas
1793 1853 1949 1917 prae
1994 1855 2064 1903 as

128 1918 339 2004 capit,
384 1938 653 2015 quarum
693 1917 929 2000 partim
971 1916 1103 1982 suis
1144 1916 1241 1981 dis
1289 1917 1456 2000 ertit,
1497 1916 1733 2002 partim
1762 1918 1842 1982 ad
1862 1917 2064 1983 'Data-

127 2023 298 2068 men
338 2001 567 2084 mittit3
621 2000 764 2084 pari
816 1998 1009 2066 modo
1062 2021 1247 2084 comp
1293 2022 1393 2066 ra
1432 1999 1693 2067 castella
1744 2001 1804 2065 ei
1845 2002 2060 2067 tradit.

129 2087 304 2152 haec
350 2085 457 2148 diu
497 2084 789 2149 faciendo
830 2085 1146 2168 persuasit
1184 2084 1434 2166 homini
1482 2105 1550 2148 se
1589 2085 1914 2150 infinitum
1956 2086 2061 2151 ad·
2090 2098 2122 2147 3

130 2189 396 2236 versus·
408 2188 626 2254 regem
676 2168 1021 2251 suscepisse
1062 2168 1332 2251 bellum,
1389 2189 1535 2256 cnm
1590 2168 1796 2233 nihilo
1838 2170 2064 2255 magis,
2175 2197 2220 2239 v*

133 2274 226 2321 ne
285 2274 481 2338 quam
523 2252 948 2336 suspicionem
989 2252 1087 2316 illi
1127 2253 1465 2337 praeberet
1503 2253 1879 2318 insidiarum
1894 2303 1913 2337 ,
1956 2274 2065 2318 ne·

135 2357 275 2424 que
338 2337 506 2401 collo
595 2336 728 2401 iu'm
784 2337 920 2401 eiu's
1017 2337 1202 2402 etivit
1253 2357 1462 2435 neque
1526 2338 1596 2402 in
1652 2342 2067 2422 conspectum

136 2421 370 2487 venire
412 2424 513 2485 stu
557 2420 670 2485 uit.
743 2420 834 2485 sic
862 2419 1057 2484 absen
1169 2421 1478 2486 micitiam
1505 2421 1785 2506 gerebat,
1829 2425 1903 2486 ut
1928 2443 2065 2486 non

136 2496 782 2589 beneficiis‘ffiiituis,
826 2503 938 2569 sed
978 2505 1304 2569 communi
1339 2503 1514 2587 odio,
1560 2504 1733 2588 quod
1773 2525 1929 2589 erga
1967 2525 2065 2570 re·

139 2609 298 2677 gem
339 2591 775 2672 susceperant,
821 2588 1136 2653 contineri
1177 2587 1562 2654 viderentur.
1957 2597 1976 2608 ⁶

314 2672 405 2737 Id·
434 2693 579 2738 cum
619 2672 774 2737 satis
803 2692 869 2737 se
898 2673 1306 2737 confirmasse
1337 2671 1681 2736 arbitratus
1710 2675 1892 2755 esset,
1935 2692 2065 2735 cer·
2089 2671 2162 2741 ll

140 2757 383 2823 tiorem
421 2743 581 2822 facit
607 2755 945 2840 Datamen,
986 2761 1241 2841 tempus
1270 2776 1406 2820 esse
1437 2755 1714 2820 maiores
1756 2756 2072 2821 exercitus

141 2841 365 2925 parari
418 2844 487 2905 et
534 2840 777 2905 bellum
829 2861 975 2905 cum
1026 2842 1166 2925 ipso
1219 2860 1373 2926 rege
1425 2839 1689 2924 suscipi,
1745 2839 1948 2925 deque
1992 2862 2068 2905 ea

141 2946 212 2989 re
224 2975 244 3008 ,
288 2925 348 2990 si
403 2924 464 2990 ei
515 2924 864 3008 videretur,
920 2945 1047 3008 quo
1090 2925 1234 2990 loco
1276 2923 1473 2989 vellet
1489 2974 1507 3008 ,
1563 2924 1634 2988 in
1676 2924 2068 3008 colloquium

141 3009 417 3081 veniret.
533 3008 808 3092 probata
868 3029 938 3073 re
1009 3008 1416 3093 colloquendi
1475 3013 1728 3094 tempus
1792 3008 2068 3073 sumitur

141 3092 481 3190 locusque,
541 3113 692 3190 quo·
723 3092 1187 3158 conveniretur.
1277 3093 1406 3157 huc
1462 3091 1866 3188 Mithritiates
1918 3113 2065 3190 cum
2090 3103 2126 3154 2

142 3197 324 3327 32¹3st
364 3175 2071 3357 33¹mfflfflq32b5532335325321332033332

146 3342 1347 3514 {ffizzffifflgffifsssffsskrzff
1361 3347 1591 3511 3153?
1611 3341 2068 3509 issssssssqssgssuiffi
