2409 3825
1200 136 1255 196 V

398 303 734 384 corporibus
758 301 985 383 liquidis
1014 310 1147 362 sunt
1169 302 1353 361 omnia
1377 319 1517 380 pura
1539 300 1739 362 relicta

264 399 370 450 500
399 397 456 447 et
481 386 699 446 leviora
714 385 838 445 aliis
865 384 973 444 alia
990 429 1009 461 ‚
1036 394 1096 445 et
1118 383 1524 463 liquidissimus
1549 384 1750 445 aether

395 480 566 550 atque
590 469 915 530 levissimus
938 469 1122 528 aerias
1146 485 1325 546 super
1342 466 1522 526 influit
1544 485 1711 528 auras
1729 515 1747 546 ,

394 572 505 614 nec
534 553 806 633 liquidum
836 570 1045 631 corpus
1068 551 1422 612 turbantibus
1444 552 1594 611 aeris
1623 554 1776 612 auris

399 639 747 697 commiscet.
772 637 903 697 sinit
924 635 1018 695 hic
1039 633 1306 694 violentis
1334 635 1517 693 omnia
1538 636 1685 695 verti

396 720 709 780 turbinibus
727 766 745 797 ,
775 721 906 780 sinit
928 720 1160 778 incertis
1188 718 1417 777 turbare
1441 718 1720 796 procellis
1737 764 1756 796 ,

265 814 374 866 505
394 806 521 882 ipse
544 821 681 865 suos
703 805 851 880 ignis
878 812 1039 863 certo
1063 801 1176 862 fert
1196 803 1410 880 impete
1436 800 1655 862 labens.
1714 860 1721 871 ,

395 905 521 947 nam
542 887 766 948 modice
791 886 969 946 fluere
992 895 1163 964 atque
1195 902 1307 944 uno
1331 901 1513 964 posse
1538 886 1770 946 aethera
1790 887 1919 948 nisu

396 971 675 1047 significat
691 968 903 1030 Pontos
919 1016 937 1047 ,
960 988 1115 1030 mare
1141 977 1302 1029 certo
1327 969 1480 1047 quod
1506 968 1626 1028 fluit
1651 979 1814 1030 aestu

394 1072 563 1113 unum
583 1053 810 1114 labendi
835 1070 1179 1114 conservans
1199 1071 1384 1131 usque
1406 1062 1680 1114 tenorem.
1794 1076 1799 1079 ⁷

452 1135 483 1219 Η
507 1137 754 1198 Motibus
776 1146 1056 1197 astrorum
1077 1155 1228 1196 nunc
1251 1154 1397 1215 quae
1419 1138 1494 1197 sit
1520 1155 1692 1197 causa
1714 1152 1993 1198 canamus

263 1230 371 1283 510
396 1223 674 1302 principio
693 1239 927 1298 magnus
960 1220 1106 1281 caeli
1138 1221 1187 1280 si
1213 1221 1451 1280 vortitur
1474 1220 1629 1281 orbis
1645 1266 1663 1297 ‚

394 1325 469 1365 ex
497 1315 734 1383 utraque
757 1303 952 1383 polum
971 1305 1119 1383 parti
1141 1321 1404 1383 premere
1425 1311 1558 1363 aera
1580 1304 1745 1364 nobis

394 1388 691 1449 dicendum
715 1397 805 1448 est
835 1398 1109 1467 extraque
1137 1397 1339 1448 tenere
1362 1396 1422 1447 et
1452 1386 1717 1448 claudere
1737 1391 2048 1467 utrimque:

393 1472 523 1531 inde
551 1470 717 1532 alium
741 1490 912 1553 supra
936 1470 1114 1532 fluere
1138 1480 1309 1551 atque
1338 1471 1633 1531 intendere
1662 1469 1927 1531 deorsum
1943 1518 1962 1549 ,

392 1555 534 1616 hino
554 1553 721 1615 alium
740 1565 971 1633 supter,
1002 1564 1196 1615 contra
1221 1557 1315 1634 qui
1338 1554 1616 1616 subvehat
1638 1554 1862 1622 orbem;

262 1647 368 1699 515
391 1648 452 1698 ut
475 1638 676 1699 fluvios
699 1656 932 1698 versare
955 1648 1108 1699 rotas
1132 1649 1303 1717 atque
1327 1648 1513 1699 austra
1534 1637 1808 1697 videmus.

393 1740 506 1801 quo
527 1721 809 1782 volvenda
829 1723 1035 1782 micant
1058 1724 1274 1782 aeterni
1298 1721 1486 1782 sidera
1511 1719 1716 1779 mundi.

392 1816 483 1866 est
506 1805 675 1866 etiam
698 1823 927 1885 quoque
949 1806 1028 1865 uti
1049 1807 1235 1884 possit
1255 1804 1475 1867 caelum
1499 1822 1663 1864 omne
1683 1821 1913 1863 manere
1940 1827 1943 1831 ’

387 1891 446 1950 in
468 1890 710 1951 statione
726 1935 745 1967 ‚
776 1899 963 1949 tamen
988 1907 1115 1949 cum
1137 1887 1324 1950 lucida
1343 1890 1505 1967 signa
1527 1887 1806 1949 ferantur:

390 1975 513 2033 sive
542 1973 693 2051 quod
712 1972 918 2033 inclusi
939 1972 1119 2052 rapidi
1139 1983 1270 2035 sunt
1293 1973 1539 2034 aetheris
1563 1982 1759 2033 aestus
1779 2018 1798 2048 ‚

260 2065 369 2117 520
391 2065 846 2136 quaerentesque
878 2058 1025 2115 viam
1049 2057 1558 2118 circumversantur
1580 2066 1638 2116 et
1661 2058 1828 2133 ignes

388 2142 601 2219 passim
622 2158 728 2219 per
749 2139 895 2201 caeli
915 2139 1151 2201 volvunt
1173 2143 1428 2201 immania
1448 2139 1689 2218 templa3

387 2225 512 2284 sive
532 2223 755 2284 aliunde
780 2223 961 2284 fluens
985 2222 1247 2285 alicunde
1270 2226 1630 2285 extrinsecus
1654 2229 1757 2283 aer

386 2316 583 2368 versat
604 2325 781 2384 agens
804 2308 982 2385 ignis3
1013 2309 1137 2368 sive
1160 2310 1273 2387 ipsi
1295 2326 1533 2388 serpere
1558 2316 1800 2385 possunt

389 2408 500 2469 quo
526 2391 799 2469 cuiusque
825 2390 985 2452 cibus
1012 2401 1182 2452 vocat
1203 2401 1373 2471 atque
1394 2394 1588 2452 invitat
1611 2392 1827 2467 euntis,

254 2483 361 2535 525
385 2474 639 2535 flammea
666 2492 773 2553 per
798 2473 1017 2534 eaelum
1038 2479 1328 2553 pascentis
1354 2491 1592 2554 corpora
1615 2476 1844 2552 passim.

386 2574 515 2616 nam
539 2558 673 2636 quid
693 2560 750 2616 in
770 2557 884 2626 hoc
902 2557 1107 2618 mundo
1136 2560 1210 2618 sit
1234 2577 1429 2618 eorum
1450 2575 1667 2637 ponere
1693 2565 1907 2615 certum

389 2639 620 2701 difficile
646 2650 764 2701 est:
793 2642 900 2701 sed
924 2640 1055 2721 quid
1086 2642 1270 2720 possit
1301 2642 1508 2720 fiatque
1532 2657 1638 2718 per
1659 2656 1824 2698 omne

386 2726 443 2783 in
462 2726 631 2785 variis
659 2724 875 2785 mundis
897 2727 1051 2785 varia
1069 2727 1287 2785 ratione
1312 2724 1516 2785 creatis
1530 2767 1549 2799 ‚

383 2807 442 2866 id
466 2807 650 2868 doceo
668 2855 685 2886 ‚
713 2807 1007 2887 plurisque
1036 2826 1252 2887 sequor
1275 2809 1581 2887 disponere
1609 2824 1809 2867 causas
1828 2852 1847 2884 ‚

254 2898 363 2951 530
381 2891 626 2951 motibus
656 2902 932 2953 astrorum
956 2910 1101 2971 quae
1125 2895 1349 2970 possint
1372 2910 1507 2953 esse
1529 2907 1635 2969 per
1655 2908 1820 2950 omne
1840 2912 1854 2959 ;

384 2992 418 3032 e
445 2974 648 3053 quibus
671 2993 779 3035 una
801 2985 987 3036 tamen
1008 2978 1118 3037 siet
1136 2976 1233 3036 hic
1256 2995 1485 3056 quoque
1510 2991 1678 3035 causa
1705 2982 2042 3049 necessest,

385 3075 532 3136 quae
552 3069 763 3136 vegeat
792 3068 1001 3118 motum
1027 3061 1236 3137 signis:
1262 3061 1367 3121 sed
1390 3077 1535 3140 quae
1558 3059 1631 3117 sit
1654 3074 1845 3117 earum

2108 142 2230 204 139

384 3143 721 3220 praecipere
744 3142 1211 3222 hautquaquamst
1234 3143 1601 3223 pedetemtim
1623 3140 2065 3219 progredientis
2099 3134 2128 3219 11

467 3223 753 3304 Terraque
775 3227 911 3286 utin
933 3228 1115 3287 media
1142 3228 1329 3287 mundi
1353 3229 1592 3305 regione
1623 3226 1915 3303 quiescat,

253 3313 357 3368 535
380 3325 733 3369 evanescere
762 3309 1024 3388 paulatim
1050 3319 1107 3371 et
1133 3310 1479 3372 decrescere
1502 3308 1726 3389 pondus

382 3393 679 3471 convenit,
709 3401 880 3471 atque
904 3392 1067 3453 aliam
1089 3403 1335 3454 naturam
1361 3404 1559 3473 supter
1578 3391 1790 3452 habere
1809 3436 1828 3466 ‚
