2409 3825
265 319 372 376 385
402 311 554 391 quod
576 311 770 372 facere
796 312 1122 390 intendunt,
1146 331 1335 391 neque
1360 312 1543 374 adhuc
1573 314 1771 374 conata
1797 326 2124 396 patrantur:

394 405 604 455 tantum
632 394 995 474 suppeditant
1017 414 1211 456 amnes
1236 395 1495 474 ultraque
1520 398 1794 458 minantur
2394 416 2395 425 ¹

395 480 578 540 omnia
601 477 872 539 diluviare
906 497 981 539 ex
1008 478 1122 539 alto
1156 481 1384 557 gurgite
1411 482 1604 559 ponti,

394 564 735 642 nequiquam
751 609 769 640 ,
799 564 1059 641 quoniam
1081 573 1380 623 verrentes
1406 581 1655 643 aequora
1676 568 1828 626 venti

395 647 716 707 deminuunt
736 646 1020 725 radiisque
1042 655 1312 707 retexens
1338 647 1623 709 aetherius
1647 648 1771 727 sol,

266 738 373 794 390
395 739 456 791 et
481 733 701 790 siccare
723 731 879 809 prius
905 729 1189 790 confidunt
1215 732 1396 790 omnia
1418 749 1598 810 posse

398 832 563 892 quam
589 808 778 892 liquor
804 814 1019 891 incepti
1044 815 1586 897 possitcontingerc
1611 815 1794 874 finem.

394 907 607 957 tantum
631 899 911 975 spirantes
936 914 1120 975 aequo
1151 899 1455 958 certamine
1480 897 1694 959 bellum

395 982 612 1059 magnis
639 983 798 1040 inter
822 999 888 1040 se
912 980 982 1040 de
1008 981 1181 1041 rebus
1208 999 1446 1041 cernere
1473 991 1720 1059 certant,

399 1083 526 1124 cum
547 1062 727 1124 semel
751 1060 965 1123 int'erea
987 1064 1157 1124 fuerit
1178 1068 1536 1144 superantior
1555 1067 1702 1144 ignis

267 1156 370 1211 395
400 1158 458 1209 et
485 1146 706 1223 semel,
730 1157 789 1207 ut
813 1147 957 1207 fama
979 1157 1100 1225 est,
1126 1166 1287 1208 umor
1308 1151 1557 1226 regnarit
1581 1152 1638 1209 in
1668 1154 1833 1211 arvis.

396 1234 543 1310 ignis
577 1233 723 1292 enim
746 1241 976 1310 superat
1000 1240 1058 1291 et
1081 1231 1338 1292 lambens
1359 1233 1529 1292 multa
1551 1236 1833 1312 perussit,

396 1318 520 1378 avia
546 1333 674 1376 cum
696 1314 1043 1375 Phaethonta
1064 1334 1241 1395 rapax
1264 1318 1351 1377 vis
1378 1315 1517 1377 solis
1543 1335 1815 1396 equorum

396 1400 631 1461 aethere
658 1398 899 1477 raptavit
920 1409 1040 1459 toto
1071 1409 1369 1479 terrasque
1394 1419 1501 1479 per
1525 1402 1740 1464 omnis:
1843 1436 1850 1443 -

396 1493 451 1544 at
473 1494 636 1563 pater
657 1484 1014 1561 omnipotens
1043 1485 1124 1543 ira
1153 1494 1270 1543 tum
1293 1485 1545 1561 percitus
1570 1487 1688 1544 acri

267 1575 372 1630 400
393 1568 799 1646 magnanimum
820 1564 1167 1627 Phaethonta
1187 1569 1414 1646 repenti
1441 1566 1685 1627 fulminis
1708 1569 1822 1628 ictu

397 1651 713 1712 deturbavit
737 1651 900 1729 equis
923 1652 979 1709 in
1008 1660 1215 1710 terram
1235 1696 1252 1727 ‚
1277 1650 1483 1730 solque
1510 1650 1733 1712 cadenti
1838 1716 1844 1721 ,

398 1737 601 1796 obvius
626 1744 914 1794 aeternam
936 1734 1199 1813 succepit
1222 1734 1478 1814 lampada
1499 1734 1719 1813 mundi,

396 1819 787 1896 disiectosque
808 1816 1032 1896 redegit
1055 1835 1239 1896 equos
1261 1820 1555 1897 iunxitque
1578 1822 1869 1880 trementis
1886 1864 1905 1898 ,

395 1902 527 1964 inde
549 1921 713 1963 suum
735 1922 839 1981 per
858 1903 970 1962 iter
989 1904 1273 1963 recreavit
1297 1913 1500 1964 cuncta
1522 1903 1844 1982 gubernans
1858 1950 1877 1982 ‚

264 1997 369 2052 405
395 1987 654 2063 scilicet,
684 1997 744 2046 ut
764 1995 997 2046 veteres
1022 1986 1246 2047 Graium
1273 1988 1539 2047 cecinere
1563 1994 1790 2066 poetae.

397 2069 550 2150 quod
576 2068 778 2151 procul
800 2087 833 2129 a
854 2088 992 2131 vera
1014 2071 1176 2131 nimis
1202 2080 1293 2131 est
1319 2072 1537 2140 ratione
1562 2070 1867 2151 repulsum.

395 2156 543 2233 ignis
569 2155 715 2214 enim
739 2172 1010 2231 superare
1036 2164 1230 2233 potest
1254 2155 1348 2214 uhi
1369 2157 1618 2215 materiai

395 2258 472 2300 ex
492 2238 706 2297 infinito
734 2246 862 2298 sunt
886 2256 1128 2317 corpora
1148 2237 1311 2317 plura
1344 2249 1574 2317 coorta,

395 2332 454 2382 et
482 2331 724 2401 pereunt
746 2340 840 2380 res
866 2332 1101 2383 exustae
1124 2323 1469 2383 torrentibus
1492 2322 1670 2382 auris:

264 2413 371 2469 410
391 2405 522 2465 inde
553 2406 755 2466 cadunt
778 2407 930 2466 vires
952 2405 1139 2486 aliqua
1157 2408 1376 2467 ratione
1397 2408 1669 2466 revictae.

395 2507 557 2549 umor
576 2491 713 2550 item
733 2489 1010 2568 quondam
1034 2491 1228 2568 coepit
1248 2508 1520 2569 superare
1545 2500 1775 2552 coortus
1791 2535 1808 2567 ‚

394 2583 455 2634 ut
477 2572 619 2634 fama
644 2584 733 2634 est
749 2619 766 2650 ‚
794 2572 1079 2633 hominum
1102 2572 1305 2634 inuitas
1331 2572 1552 2650 quando
1576 2574 1762 2635 obruit
1784 2574 1971 2636 urbis:

396 2656 526 2717 inde
549 2657 644 2717 ubi
671 2659 759 2717 vis
782 2656 970 2736 aliqua
989 2658 1204 2716 ratione
1231 2675 1433 2717 aversa
1455 2661 1736 2736 recessit,

395 2759 469 2801 ex
491 2741 706 2800 infinito
734 2742 919 2801 fuerat
943 2759 1336 2819 quaecumque
1360 2750 1556 2802 coorta
1571 2788 1589 2819 ,

267 2832 369 2885 415
394 2825 769 2885 constiterunt
796 2824 1008 2884 imbres
1034 2832 1092 2882 et
1116 2822 1339 2884 flumina
1360 2826 1474 2884 vim
1493 2828 1823 2885 minuerunt.

481 2907 599 2967 Sed
622 2908 825 2986 quibus
849 2905 948 2967 ille
970 2905 1152 2967 modis
1171 2909 1470 2970 coniectus
1491 2909 1737 2968 materiai

395 2990 635 3052 fundarit
658 3000 861 3052 terram
888 3001 946 3052 et
970 2991 1190 3051 caelum
1218 2993 1494 3071 pontique
1517 2989 1793 3070 profunda
1809 3035 1827 3067 ,

394 3074 535 3136 solis
561 3073 709 3133 lunai
741 3093 941 3136 cursus
959 3120 977 3152 ‚
1006 3094 1081 3135 ex
1108 3075 1308 3135 ordine
1336 3092 1557 3154 ponam.

392 3175 518 3216 nam
541 3168 701 3218 certe
723 3175 911 3236 neque
943 3157 1183 3218 consilio
1213 3157 1513 3237 primordia
1534 3176 1720 3218 rerum

266 3249 371 3303 420
393 3241 590 3300 ordine
615 3260 681 3301 se
712 3258 819 3300 suo
843 3260 1104 3320 quaeque
1126 3242 1321 3319 sagaci
1342 3251 1531 3302 mente
1554 3241 1810 3302 locarunt

391 3341 503 3383 nec
534 3340 678 3400 quos
702 3342 962 3403 quaeque
986 3325 1182 3384 darent
1202 3333 1390 3385 motus
1413 3326 1693 3403 pepigere
1716 3323 1982 3402 profecto
1997 3367 2022 3404 ‚

391 3405 498 3466 sed
523 3407 650 3483 quia
672 3406 846 3466 multa
867 3406 1046 3466 modis
1076 3406 1263 3468 multis
1293 3408 1593 3486 primordia
1616 3425 1801 3467 rerum
