2409 3825
236 195 339 240 ΧΗ
1051 161 1464 240 rami-Arm.

239 348 489 407 Cornuti
512 367 733 406 nomen
765 348 1057 406 immerito
1087 368 1236 426 prae
1267 367 1333 407 se
1351 348 1569 422 ferunt,
1591 356 1800 406 tamen
1823 349 1904 407 ad
1936 369 2072 409 eam
2100 369 2202 409 ae-

235 440 422 491 tatem
450 430 803 504 ascendunt,
839 450 996 511 quae
1022 451 1146 490 non
1174 430 1370 490 modo'
1394 451 1600 491 omnes
1632 441 1929 511 quotquot
1961 441 2208 492 exstant

240 514 479 573 codices
512 514 697 591 longe
728 523 1004 593 superet,
1038 513 1149 573 sed
1184 516 1368 573 etiam
1395 516 1670 593 puriores
1701 516 2010 592 genuinae
2049 517 2204 574 anti-

241 598 486 678 quitatis
528 598 726 656 fontes
758 618 939 678 quam
971 597 1036 655 hi
1063 598 1181 675 ipsi
1212 598 1382 656 adire
1404 599 1678 676 potuisse
1707 598 2010 670 videatur.
2044 599 2209 657 Nam

241 681 401 761 quod
432 682 575 742 Otto
612 681 659 739 J
660 682 875 746 ahnius
918 682 983 739 in
1017 680 1284 740 editione
1326 682 1557 758 majore
1591 682 1789 758 ipsam
1819 681 2210 739 Scholiorum

239 765 656 823 auctoritatem
690 764 844 823 adeo
874 764 1119 823 elevare
1151 772 1401 822 conatus
1434 772 1555 837 est,
1585 771 1653 823 ut
1684 785 1758 823 ea
1789 763 1870 821 ad
1896 764 2208 830 undecimi
2281 783 2294 796 ·

239 868 433 927 usque
463 848 693 907 saeculi
721 849 981 926 ineptias
1008 847 1390 924 deprimeret,
1420 848 1615 905 virum
1644 848 2101 923 integerrimum
2125 848 2205 905 si-

238 932 362 990 mul
393 940 453 989 et
490 931 979 1002 eruditissimum,
1014 931 1111 988 cui
1139 930 1386 988 Persius
1430 932 1535 988 uni
1567 930 1704 1008 plus
1745 950 1926 1011 quam
1968 931 2205 1008 superi-

241 1014 442 1072 oribus
476 1015 852 1072 omnibus·in
886 1034 1070 1072 unum
1103 1013 1374 1071 collectis
1395 1006 1590 1072 „debet
1607 1058 1621 1085 ,
1656 1014 1821 1072 illius
1857 1013 2081 1089 judicii
2110 1034 2204 1073 er·

238 1095 435 1158 rorein
470 1097 693 1155 dudum
740 1097 1039 1173 abjecisse
1081 1096 1348 1176 confid0,
1389 1106 1711 1176 postquam
1751 1106 1810 1155 et
1842 1096 2128 1156 Osannus
2163 1098 2208 1155 l.

243 1202 294 1240 c.
329 1201 389 1258 p.
424 1179 609 1238 LXII
649 1200 782 1260 sqq.
836 1180 1142 1258 complura
1186 1179 1362 1238 docte
1409 1188 1618 1238 contra
1659 1180 1829 1238 illum
1867 1182 2104 1239 monuit
2146 1189 2211 1239 et

238 1283 351 1323 nos
391 1271 518 1321 tum
550 1265 614 1322 in
641 1263 919 1322 Prooem.
959 1264 1100 1322 lect.
1134 1260 1300 1321 Gott.
1341 1260 1500 1323 1846
1543 1263 1648 1321 vel
1685 1263 1905 1321 Isidori
1939 1271 2211 1322 aetatem

243 1346 489 1406 Scholia
531 1356 738 1405 nostra
770 1347 1100 1418 excedere,
1151 1353 1277 1404 tum
1309 1346 1374 1402 in
1401 1345 1554 1424 disp.
1598 1346 1674 1405 de
1698 1345 2082 1405 Scholiorum
2124 1346 2208 1405 ad

241 1428 609 1490 «Iuvenalem
651 1450 877 1507 genere
922 1429 1221 1488 deteriore
1262 1429 1623 1488 lectionibus
1666 1430 1915 1489 aestivis
1947 1449 2004 1487 a.
2041 1427 2206 1489 1849

240 1513 574 1592 praemissa
614 1522 848 1572 tantum
886 1514 1044 1572 inter
1087 1513 1249 1571 haec-
1295 1520 1355 1571 et
1394 1511 1677 1572 Pseudo·
1699 1512 2077 1572 Cornutiana
2122 1511 2210 1571 ad

242 1597 289 1655 J
287 1596 611 1655 uvenalem
639 1597 947 1656 interesses
971 1595 1507 1654 demonstravimus
1525 1628 1558 1668 ,·
1582 1604 1650 1654 ut
1691 1616 1866 1655 omne
1900 1597 2066 1655 illius
2100 1616 2204 1655 co·

241 1680 495 1738 naminis
529 1680 986 1739 fundamentum
1011 1679 1447 1739 labefactatum
1490 1681 1586 1738 sit.
1672 1680 1770 1737 Ne
1815 1680 1951 1758 quis
2001 1688 2208 1739 autem

240 1764 359 1841 ipsi
389 1783 568 1841 quam
596 1784 707 1822 nos
749 1771 985 1822 tuemur
1034 1761 1412 1821 Scholiorum
1458 1764 1646 1821 aetati
1683 1759 2240 1838 'Barcinonensem3

242 1847 559 1905 satirarum
583 1848 997 1906 recensionem
1026 1846 1410 1926 aequiparet,
1436 1866 1618 1926 quam
1645 1866 1682 1903 a
1711 1846 1917 1904 nescio
1950 1866 2069 1927 quo
2104 1846 2205 1903 Fl.

241 1930 288 1990 J
288 1930 397 1989 ulii
424 1931 722 1989 Herennii
746 1929 960 1989 Sabini
980 1932 1055 2006 V.
1075 1929 1141 1989 O.
1173 1939 1516 2008 protectore
1542 1930 1869 1989 domestico
1895 1950 1949 1987 a.
1973 1950 2034 2008 p.
2058 1928 2204 1988 Chr.

242 2011 366 2072 402
406 2013 739 2073 institutam
778 2014 1179 2094 antiquissimi
1222 2014 1463 2072 codices
1505 2013 2095 2092 Montispessulanus
2145 2022 2207 2072 et

241 2096 546 2156 Romanus
599 2098 1036 2177 subscriptione
1081 2118 1191 2156 sua
1230 2105 1555 2170 testantur,
1595 2098 1775 2174 hujus
1804 2098 2204 2169 recensionis,

245 2182 423 2239 etiam
469 2183 522 2239 si
564 2182 824 2240 maxime
869 2181 1246 2240 Scholiorum
1286 2189 1549 2240 aetatem
1588 2187 1850 2259 superet,
1894 2181 2029 2258 ipse
2061 2179 2202 2238 sub-

243 2264 495 2342 scriptor
525 2263 706 2322 fidem
741 2265 1057 2341 insigniter
1085 2266 1299 2323 minuit
1333 2263 1582 2322 fatendo
1616 2284 1684 2323 se
1715 2265 1838 2321 sine
1866 2267 2205 2337 antiyrapho

242 2351 533 2404 emendare
559 2355 846 2420 temptasse
855 2373 875 2411 ‚·
901 2348 1018 2425 ipsi
1050 2347 1313 2427 denique
1337 2356 1630 2427 quotquot
1662 2354 1906 2405 exstant
1937 2345 2202 2419 codiceS,

242 2431 294 2489 si
332 2428 406 2488 ab
451 2429 671 2505 exiguo
700 2431 1079 2509 palimp‘sesti
1108 2432 1459 2508 *fragmento
1491 2431 1791 2490 Vaticano
1824 2428 2203 2502 discesseris,

226 2515 397 2593 *intra
437 2532 661 2571 nonum
700 2513 802 2572 vel
857 2514 1152 2573 decimum
1196 2516 1506 2573 saeculum
1556 2514 1765 2592 scripti
1815 2521 1984 2587 sunt3
2041 2532 2202 2591 quae

243 2617 425 2676 quum
451 2597 537 2654 ita
573 2598 709 2670 sint,
743 2598 923 2656 etiam
941 2617 1102 2656 nunc
1132 2598 1286 2657 illud
1312 2606 1512 2669 tene0,
1539 2597 1702 2676 quod
1731 2596 2202 2655 inLectionibus

240 2680 547 2739 Persianis
591 2680 785 2738 Marb.
835 2678 995 2740 1842
1036 2681 1213 2740 editis
1255 2682 1564 2760 professus
1602 2681 1706 2738 vel
1750 2680 2013 2738 inventis
2049 2680 2198 2737 anti·

243 2764 542 2844 quissimis
572 2764 693 2822 illis
726 2764 895 2823 libris
925 2766 990 2822 in
1015 2764 1333 2823 Analectis
1366 2763 1441 2822 de
1472 2772 1676 2822 aetate
1706 2771 1768 2822 et
1795 2782 1908 2821 usu
1925 2761 2196 2821 Scholio-

239 2869 371 2906 rum
403 2847 832 2906 Persianorum
867 2848 1064 2906 denuo
1113 2846 1388 2920 defendi,
1434 2848 1497 2905 in
1544 2845 1965 2906 constituenda
2002 2845 2198 2904 Persii

240 2930 503 2990 lectione
547 2930 821 3008 principe
866 2931 1003 2990 loco
1051 2928 1432 2990 Scholiorum
1482 2938 1667 3009 atque
1721 2930 1816 2987 his
1861 2928 2198 2987 tacentibus

243 3012 479 3073 demum
524 3015 798 3093 quamvis
841 3014 1134 3073 bonorum
1187 3013 1461 3073 codicum
1505 3014 1850 3072 testimonia
1897 3010 2198 3083 audienda

244 3115 396 3153 esse.
468 3096 832 3175 Quanquam
860 3117 940 3155 ne
979 3098 1191 3155 horum
1233 3096 1478 3175 quidem
1516 3105 1753 3155 tantum
1792 3095 1868 3154 ab
1911 3094 2035 3152 illis
2082 3094 2195 3152 dis·

244 3176 469 3233 crimen
492 3186 709 3248 exstat,
724 3187 792 3235 ut
822 3180 952 3236 sive
986 3181 1120 3257 quis
1149 3188 1388 3237 nostras
1414 3180 1545 3237 sive
1575 3180 1622 3238 J
1624 3179 1792 3236 ahnii
1812 3178 2080 3236 rationes
2106 3195 2195 3234 se·

244 3262 488 3342 quatur,
532 3257 607 3314 de
645 3260 844 3316 satiris
891 3261 1038 3317 satis
1080 3260 1399 3321 emendate
1438 3261 1718 3337 legendis
1760 3258 2199 3338 desperandum

243 3337 350 3399 s1t3
388 3333 561 3390 immo
591 3345 762 3394 tanta
791 3341 1005 3397 horum
1045 3343 1525 3401 testimoniorum
1560 3343 1936 3420 praestantia
1969 3351 2196 3401 tantus·

245 3421 360 3491 que
391 3410 453 3464 in
480 3414 750 3485 plurimis
777 3428 836 3476 et
859 3423 1229 3493 gravissimis
1256 3423 1406 3482 locis
1441 3444 1771 3483 consensus
1804 3433 1913 3496 est,
1944 3433 2011 3482 ut
2041 3424 2199 3503 quod

243 3495 361 3537 ¹am
386 3497 523 3545 ante
551 3491 659 3549 hos
687 3498 905 3570 viginti
933 3520 1123 3560 annos
1146 3504 1210 3561 in
1223 3504 1480 3582 Ephem.
1499 3505 1704 3565 Schol.
1722 3508 1991 3567 Darmst.
2023 3506 2196 3580 1833,
