2409 3825
238 165 329 231 84
1210 163 1265 224 Il

410 337 472 399 in
493 328 711 412 magnis
732 331 1076 393 intervallis:
1097 330 1243 392 haec
1265 338 1399 391 aera
1420 350 1605 392 rarum

414 419 702 481 sufficiunt
724 416 890 477 nobis
912 425 971 476 et
993 413 1293 494 splendida
1314 415 1520 475 lumina
1542 414 1703 477 solis.

412 502 700 582 multaque
722 508 1022 579 praeterea
1042 516 1303 577 magnum
1323 518 1431 578 per
1451 500 1616 560 inane
1641 507 1952 577 vagantur,

284 595 393 654 110
413 584 672 648 conciliis
693 601 884 645 rerum
907 599 1052 662 quae
1074 591 1204 643 sunt
1225 583 1443 644 reiecta
1465 602 1575 644 nec
1605 599 1842 661 usquam

416 670 752 732 consociare
776 667 944 728 etiam
967 675 1152 726 motus
1175 676 1419 744 potuere
1441 677 1696 745 recepta.

416 755 578 815 cuius
593 798 612 830 ‚
636 753 717 812 uti
745 766 996 810 memoro
1015 795 1034 828 ,
1059 751 1144 810 rei
1165 749 1526 811 simulacrum
1548 759 1607 812 et
1629 753 1815 827 imago

413 847 545 898 ante
568 834 772 897 oculos
797 852 1027 912 semper
1048 834 1215 894 nobis
1237 843 1497 895 versatur
1519 843 1578 894 et
1601 836 1788 894 instat.

416 917 834 997 contemplator
853 919 1004 978 enim
1019 962 1038 994 ‚
1065 933 1192 976 cum
1216 916 1357 978 solis
1380 916 1588 977 lumina
1612 934 1853 995 cumque

284 1013 390 1069 115
417 1004 619 1065 inserti
639 1001 875 1062 fundunt
897 1000 1035 1060 radii
1058 1019 1165 1079 per
1187 1018 1369 1080 opaca
1391 1000 1711 1061 domorum:

414 1086 588 1147 multa
609 1086 817 1145 minuta
836 1084 1017 1145 modis
1038 1083 1229 1145 multis
1253 1103 1362 1163 per
1388 1085 1553 1145 inane
1574 1080 1799 1145 videbis

418 1187 664 1250 corpora
683 1169 950 1246 misceri‚·
971 1167 1253 1228 radiorum
1273 1167 1483 1228 lumine
1511 1170 1567 1227 in
1589 1169 1719 1247 ipso
1738 1212 1757 1245 ,
1865 1235 1880 1247 l

416 1264 478 1316 et
498 1253 658 1314 velut
675 1262 911 1314 aeterno
939 1253 1248 1312 certamine
1272 1250 1494 1331 proelia
1515 1270 1735 1330 pugnas

308 1403 325 1408 ,
415 1338 592 1400 edere
613 1337 893 1398 turmatim
917 1337 1188 1396 certantia
1211 1353 1322 1395 nec
1344 1334 1480 1395 dare
1502 1353 1734 1415 pausam
1751 1379 1770 1412 ,

286 1431 393 1486 120
415 1420 675 1484 conciliis
698 1428 758 1481 et
780 1415 1034 1481 discidiis
1057 1420 1314 1479 exercita
1336 1419 1584 1488 crebris3

417 1506 690 1567 conicere
710 1511 771 1564 ut
795 1504 986 1582 possis
1009 1521 1086 1563 ex
1108 1501 1223 1562 hoc
1240 1547 1260 1581 ,
1285 1503 1588 1581 primordia
1607 1520 1796 1562 rerum

418 1588 586 1669 quale
610 1589 683 1649 sit
704 1589 762 1656 in
782 1603 987 1665 magno
1011 1587 1204 1646 iactari
1228 1604 1459 1665 semper
1480 1587 1645 1646 inani.

416 1673 732 1748 dumtaxat,
756 1686 945 1731 rerum
965 1687 1288 1748 magnarum
1309 1687 1482 1749 parva
1500 1677 1695 1749 potest
1714 1687 1810 1730 res

415 1754 745 1836 exemplare
773 1754 906 1813 dare
931 1763 990 1813 et
1010 1754 1255 1831 vestigia
1277 1754 1508 1813 notitiai.

289 1849 394 1905 125
414 1840 532 1903 hoc
555 1841 723 1900 etiam
745 1840 924 1917 magis
947 1837 1094 1897 haec
1111 1838 1352 1897 animum
1375 1845 1433 1896 te
1458 1836 1758 1898 advertere
1781 1853 1884 1917 par
1907 1844 2000 1898 est

418 1941 664 2003 corpora
685 1940 832 2002 quae
860 1923 917 1982 in
938 1921 1079 1984 solis
1102 1921 1272 1983 radiis
1294 1921 1524 1983 turbare
1543 1921 1807 1984 videntur
1822 1966 1842 2000 ,

417 2008 572 2088 quod
593 2006 738 2067 tales
761 2007 958 2067 turbae
983 2014 1169 2066 motus
1193 2022 1423 2085 quoque
1447 2006 1697 2066 materiai

417 2091 736 2169 significant
760 2089 1142 2151 clandestinos
1171 2105 1500 2167 caecosque
1523 2089 1788 2151 subesse.

416 2174 592 2236 multa
612 2174 836 2235 videbis
860 2175 1005 2234 enim
1030 2172 1218 2252 plagis
1242 2172 1319 2232 ibi
1340 2174 1562 2251 percita
1586 2174 1778 2233 caecis

240 2267 245 2272 ’
286 2269 395 2324 130
417 2268 762 2320 commutare
784 2259 930 2336 viam
950 2266 1225 2336 retroque
1247 2255 1480 2335 repulsa
1501 2257 1749 2333 reverti,

386 2409 389 2412 ,
416 2361 568 2404 nunc
588 2342 703 2402 huc
722 2359 874 2401 nunc
896 2339 1034 2400 illuc
1052 2386 1072 2417 ‚
1093 2343 1149 2399 in
1175 2349 1410 2402 cunctas
1432 2340 1679 2420 undique
1703 2340 1896 2418 partis.

414 2426 683 2504 scilicet,
707 2425 802 2485 hic
824 2442 857 2484 a
880 2426 1173 2503 principiis
1197 2433 1288 2485 est
1313 2423 1569 2484 omnibus
1593 2439 1773 2484 error.

417 2511 596 2591 prima
617 2516 916 2569 moventur
935 2509 1083 2568 enim
1104 2526 1213 2587 per
1233 2526 1300 2569 se
1323 2506 1625 2587 primordia
1644 2522 1864 2566 rerum:

415 2592 548 2655 inde
571 2610 641 2654 ea
664 2610 810 2670 quae
833 2608 1011 2670 parvo
1034 2600 1163 2653 sunt
1188 2608 1433 2671 corpora
1456 2589 1759 2651 conciliatu

287 2686 391 2741 135
422 2686 482 2739 et
506 2677 666 2757 quasi
688 2678 944 2818 proxima
968 2674 1188 2735 suntad
1211 2677 1347 2735 viris
1368 2675 1808 2754 principiorum,

416 2762 627 2822 ictibus
651 2759 690 2819 il
716 2764 874 2821 or'um
901 2759 1091 2839 caecis
1114 2757 1337 2837 inpulsa
1368 2760 1618 2834 cientur,

414 2847 657 2924 ipsaque
679 2860 961 2924 proporro
984 2840 1156 2921 paulo
1178 2841 1386 2901 maioia
1407 2841 1718 2902 lacessunt.

415 2930 502 2989 sic
522 2946 555 2988 a
577 2928 870 3008 principiis
894 2924 1152 2987 ascendit
1173 2934 1359 2986 motus
1377 2935 1439 2986 et
1460 2926 1582 2985 exit

414 3010 680 3092 paulatim
700 3021 929 3072 nostros
951 3008 1021 3069 ad
1044 3027 1282 3085 sensus,
1306 3018 1367 3082 ut
1389 3017 1721 3068 moveantur

286 3102 392 3159 140
412 3094 511 3155 illa
532 3110 763 3173 quoque
778 3139 797 3170 ‚
821 3096 879 3153 in
903 3092 1045 3154 solis
1070 3110 1216 3172 quae
1238 3091 1447 3152 lumine
1473 3110 1714 3164 cernere
1738 3091 1959 3171 quimus

416 3196 529 3238 nec
553 3176 758 3256 quibus
783 3177 841 3237 id
863 3176 1071 3244 faciant
1092 3175 1279 3255 plagis
1304 3184 1541 3254 apparet
1562 3184 1783 3254 aperte.

498 3257 666 3318 Nunc
689 3276 833 3337 quae
853 3259 1135 3320 mobilitas
1159 3261 1232 3319 sit
1256 3258 1474 3319 reddita
1494 3259 1770 3318 materiaix

417 3342 759 3421 corporibus
774 3385 792 3418 ‚
817 3344 1014 3420 paucis
1038 3341 1176 3403 licet
1198 3342 1333 3403 hinc
1354 3358 1717 3420 cognoscere
1737 3386 1756 3418 ‚
1775 3338 2022 3403 Memmi.

415 3427 879 3502 primumaurora
899 3441 1048 3483 novo
1075 3444 1201 3484 cum
1221 3426 1438 3504 spargit
1458 3425 1666 3484 lumine
1692 3433 1873 3485 terras
1890 3466 1911 3500 ,
