2409 3825
754 173 927 220 xvn.
998 172 1405 223 AGESILAUS.
1460 170 1510 220 2.
1552 171 1611 245 a.
2052 160 2132 226 67

203 306 623 373 trimenstres.
710 307 948 372 iuravit
989 312 1205 373 autem
1246 311 1515 393 uterque
1559 330 1625 374 se
1665 310 1804 375 sine
1844 308 1993 376 dolo
2037 311 2132 376 in-
2162 324 2198 373 4

204 391 430 458 ducias
474 396 1017 457 conservaturum.
1103 393 1176 457 in
1220 414 1348 477 qua
1379 394 1677 477 pactione
1722 416 1970 459 summa
2010 395 2136 460 fide

199 476 448 541 mansit
476 479 536 540 A
584 476 848 541 esilaus:
893 479 1119 542 contra
1161 498 1239 542 ea
1265 476 1722 562 Tissaphernes
1751 478 1919 543 nihil
1963 479 2139 544 aliud

202 582 404 644 quam
445 560 548 625 bel
576 583 685 624 um
730 561 1142 644 comparavit.
1214 560 1281 625 id
1310 561 1430 626 etsi
1464 563 1779 627 sentiebat
1806 561 1998 647 Lac0,
2040 567 2134 628 ta·
2161 576 2195 626 5

199 666 357 710 men
386 644 827 709 iusiurandum
871 645 1166 709 servabat
1208 645 1608 730 multumque
1650 647 1722 711 in
1765 667 1841 711 eo
1885 668 1953 711 se
1988 669 2135 712 con-

200 729 391 812 sequi
436 728 705 811 dicebat,
751 728 923 813 quod
951 728 1411 814 Tissaphernes
1437 731 1719 814 periurio
1763 752 1879 796 suo
1925 735 1993 796 et
2023 732 2137 796 ho·

200 814 414 878 mines
479 813 610 877 suis
673 813 865 877 rebus
940 813 1333 879 abalienaret
1403 818 1469 878 et
1531 814 1682 879 deos
1743 815 1867 880 sibi
1936 816 2136 881 iratos

199 896 528 980 redderet,
590 918 657 961 se
701 900 916 962 autem
972 901 1350 962 conservata
1390 898 1704 984 religione
1758 900 2137 964 confirmare

205 981 591 1065 exercitum,
637 1001 783 1055 cnm
826 981 1364 1047 animadverteret
1405 981 1594 1047 deum
1630 1004 1874 1048 numen
1925 985 2136 1049 facere

197 1065 1111 1215 ἓῗῖἓὲίᾱὲἓωὲἓὲἓὲἓέεὲἓί
1149 1066 2138 1234 gssssssfflsszssefflss20133znssu3?

303 1198 312 1203 .
1074 1200 1094 1234 ‚
2112 1191 2136 1202 -

202 1233 450 1300 derent.

376 1317 731 1401 Postquam
774 1318 1174 1384 induciarum
1225 1320 1558 1403 praeteriit
1610 1320 1774 1404 dies,
1829 1321 2136 1386 barbarus
2166 1323 2208 1386 3

195 1423 344 1468 non
407 1401 740 1487 dubitans,
800 1403 973 1486 quod
1026 1403 1231 1487 ipsius
1274 1408 1460 1468 erant
1493 1404 1773 1488 plurima
1814 1404 2137 1471 domicilia

197 1489 276 1554 in
320 1485 512 1553 Caria
553 1490 620 1551 et
662 1507 739 1551 ea
778 1488 961 1572 regio
1005 1487 1085 1551 iis
1127 1488 1526 1572 temporibus
1554 1488 1759 1553 multo
1788 1490 2135 1572 putabatur

197 1571 729 1655 locupletissima,
774 1593 851 1637 eo
881 1571 1291 1655 potissimum
1332 1571 1549 1637 hostes
1578 1573 1890 1657 impetum
1931 1573 2132 1637 factu-

199 1677 313 1722 ros
381 1676 601 1721 omnes
631 1677 778 1721 suas
822 1657 1039 1739 copias
1082 1677 1173 1721 eo·
1199 1659 1625 1721 contraxerat.
1698 1661 1766 1722 at
1793 1657 2131 1744 Agesilaus
2159 1671 2192 1718 2

198 1743 276 1806 in
368 1740 665 1829 hrygiam
707 1762 775 1805 se
818 1741 1139 1806 convertit
1180 1762 1446 1825 eamque
1488 1740 1667 1825 prius
1711 1740 2134 1826 depopulatus

203 1828 324 1909 est,
413 1847 563 1890 uam
605 1824 1062 1909 Tissaphernes
1105 1846 1377 1908 usquam
1419 1846 1487 1890 se
1514 1830 1819 1890 moveret.
1898 1846 2136 1912 magna

198 1931 360 1996 prae
403 1932 443 1974 a
514 1909 827 1975 militibus
902 1909 1310 1993 locupletatis
1372 1908 1704 1995 Ephesum
1779 1910 2134 1977 hiematum

199 1995 557 2060 exercitum
599 1993 854 2060 reduxit
895 1998 1089 2079 atque
1129 1994 1225 2059 ibi
1267 1994 1544 2060 officinis
1588 2015 1911 2060 armorum
1940 1997 2133 2061 ‘insti-

195 2079 362 2145 t‘utis
391 2099 629 2164 magna
668 2079 983 2144 industria
1009 2077 1252 2143 bellum
1282 2080 1633 2163 apparavit.
1722 2083 1788 2144 et
1830 2102 1958 2165 quo
2003 2085 2133 2145 stu-

199 2164 446 2229 diosius
490 2167 890 2234 armarentur
917 2163 1362 2248 insigniusque
1406 2167 1806 2247 ornarentur,
1849 2165 2133 2247 praemia

195 2249 571 2333 proposuit,
647 2248 878 2332 quibus
935 2247 1330 2314 donarentur
1424 2268 1698 2332 quorum
1751 2250 2008 2346 egregia
2062 2250 2131 2314 in

199 2355 278 2397 ea
315 2354 390 2397 re
433 2331 660 2397 fuisset
687 2331 1019 2397 industria.
1093 2331 1250 2396 fecit
1291 2298 1462 2414 idem
1499 2333 1571 2397 in
1600 2334 2126 2398 exercitatmnum
2157 2346 2191 2395 3

197 2416 578 2503 generibus,
621 2420 724 2499 ut,
771 2416 884 2513 qui
927 2417 1153 2481 ceteris
1195 2417 1684 2513 praestitissent,
1728 2439 1837 2482 eos
1880 2419 2132 2502 magnis

197 2500 493 2567 afficeret
554 2501 944 2565 munenbus.
1043 2500 1146 2565 his
1198 2501 1400 2597 igitur
1453 2502 1644 2566 rebus
1699 2502 1911 2566 effecit
1951 2506 2026 2566 ut
2068 2505 2135 2566 et

198 2583 682 2651 ornatissimum
725 2589 794 2650 et
831 2585 1428 2650 exercitatissnnum
1469 2585 1735 2649 haberet
1762 2585 2129 2650 exercitum.

194 2670 354 2735 huic
409 2690 555 2760 ogni
606 2673 861 2767 tempus
917 2673 1085 2734 esset
1135 2669 1346 2732 visum
1392 2668 1610 2753 copias
1663 2668 1995 2733 extrahere
2051 2690 2128 2734 ex
2155 2681 2191 2730 4

193 2753 653 2837 hibernaculis,
696 2752 878 2837 vldit,
922 2754 997 2837 si,
1043 2774 1170 2837 quo
1216 2755 1382 2817 esset
1418 2753 1544 2818 iter
1570 2751 1871 2837 facturuS,
1914 2753 2129 2838 palam

194 2838 699 2924 pronuntiasset,
727 2838 946 2904 hostes
974 2859 1110 2903 non
1139 2836 1491 2903 credituros
1521 2836 1803 2922 aliasque
1832 2860 1900 2903 re
1953 2839 2128 2904 ‘ones

194 2921 533 3009 praesidiis
589 2926 1009 3006 occupaturos
1064 2937 1275 3006 neque
1319 2921 1722 2987 dubitaturos
1765 2922 1895 2987 aliu
1983 2946 2130 2987 eum

187 3012 521 3090 >facturum
576 3028 651 3071 ac
703 3007 1198 3091 pronuntiasset.
1284 3006 1501 3091 itaque
1557 3028 1713 3088 cum,
1755 3007 1865 3072 ille
1911 3005 2125 3072 Sardis
2154 3019 2188 3069 6

194 3093 444 3158 iturum
489 3112 556 3155 se
601 3091 882 3175 dixisset,
927 3091 1387 3176 Tissaphernes
1430 3081 1698 3156 eandem
1728 3090 1981 3156 Cariam
2027 3091 2130 3156 de-

193 3175 590 3243 fendendam
619 3176 890 3260 putavit.
950 3176 1022 3240 in
1052 3197 1179 3260 quo
1213 3196 1357 3239 cum
1381 3196 1527 3241 eum
1550 3176 1770 3260 opinio
1795 3175 2130 3241 fefellisset

193 3263 569 3345 victunmue
625 3282 692 3326 se
746 3260 1010 3326 vidisset
1064 3246 1333 3326 consilio
1347 3310 1366 3343 ,
1421 3281 1562 3325 sero
1620 3261 1750 3324 suis
1810 3260 2127 3345 praesidio

190 3345 526 3431 profectus
571 3349 682 3410 est.
772 3366 924 3410 nam
967 3367 1113 3432 cum
1141 3344 1257 3409 illo
1286 3344 1585 3428 venisset,
1628 3344 1760 3408 iam
1790 3344 2128 3430 Agesilaus

191 3431 418 3499 multis
461 3429 622 3498 locis
666 3421 1048 3515 expugnatis
1091 3448 1329 3514 magna
1383 3432 1518 3493 erat
1569 3427 1808 3512 praeda
1861 3426 2128 3510 potitus.

1648 3531 1718 3582 ὅ.
