2409 3825
1144 165 1194 222 V
2047 171 2165 234 125

330 333 594 394 clunibus
624 335 748 411 ipsa
778 333 882 390 viri
911 331 1199 391 Venere-n
1225 334 1274 392 si
1297 332 1447 393 laeta
1466 344 1733 397 retractat

327 429 499 495 atque
524 423 795 477 exossato
820 416 936 475 ciet
960 417 1108 474 omni
1132 424 1374 494 pectore
1398 416 1637 479 fluetus:

327 504 463 561 eicit
485 503 634 560 enim
655 498 877 560 sulcum
901 508 1061 558 recta
1088 501 1328 577 regione
1354 501 1559 580 viaque

155 595 294 648 1265
327 586 576 647 vomeris
592 631 611 662 ‚
639 594 810 661 atque
833 582 981 643 locis
1006 585 1209 642 avertit
1230 586 1461 644 seminis
1484 586 1674 645 ictum.

325 668 495 747 idque
522 685 631 750 sua·
646 684 816 726 causa
840 675 1185 727 consuerunt
1207 677 1399 728 scorta
1419 670 1668 748 moveri,

326 771 397 812 ne
422 750 846 831 complerentur
869 750 1076 810 crebro
1102 749 1485 830 gravidaeque
1508 753 1798 832 iacerent,

328 845 386 896 et
413 835 577 895 simul
597 837 725 914 ipsa
742 835 879 895 viris
904 833 1099 894 Venus
1121 844 1183 894 ut
1208 837 1537 896 concinnior
1557 846 1746 903 esset:

329 920 662 998 coningibus
687 918 838 997 quod
862 916 940 977 nil
963 920 1174 978 nostris
1198 936 1345 999 opus
1374 939 1509 981 esse
1531 921 1771 983 videtur.

152 1010 302 1064 1270
407 1001 534 1062 Nec
563 1002 826 1062 divinitus
854 999 1133 1061 interdum
1151 1002 1513 1083 Venerisque
1542 1007 1764 1082 sagittis

327 1087 611 1147 deteriore
638 1088 696 1146 fit
722 1095 781 1146 ut
806 1086 986 1145 forma
1006 1085 1337 1146 muliercula
1354 1096 1601 1148 ametur:

327 1189 449 1229 nam
469 1169 604 1230 facit
634 1172 760 1249 ipsa
782 1172 900 1230 suis
928 1169 1208 1229 interdum
1231 1171 1439 1232 femina
1465 1172 1632 1232 sactis

324 1255 739 1333 morigerisque
762 1251 944 1313 modis
971 1263 1030 1314 et
1053 1252 1258 1315 munde
1284 1272 1529 1335 corpore
1560 1256 1716 1315 culto
1737 1303 1753 1333 ‚

324 1345 384 1396 ut
406 1336 574 1399 facile
597 1340 887 1399 insuescat
918 1346 975 1398 te
1000 1356 1199 1398 secum
1228 1337 1442 1416 degere
1469 1341 1655 1399 vitam.

148 1428 292 1484 1275
327 1421 478 1500 quod
500 1430 802 1500 superest,
829 1421 1182 1481 consuetudo
1212 1425 1507 1483 concinnat
1531 1441 1810 1484 amorem:

324 1524 447 1565 nam
468 1504 678 1565 leviter
706 1506 957 1584 quamvis
982 1506 1131 1583 quod
1159 1506 1365 1566 crebro
1388 1507 1636 1567 tunditur
1654 1508 1769 1566 ict‘n
1786 1553 1804 1585 ‚

322 1591 565 1649 vincitur
591 1591 647 1648 in
671 1587 846 1666 longo
869 1590 1054 1667 spatio
1078 1598 1264 1649 tamen
1286 1600 1455 1670 atque
1479 1589 1735 1651 labascit.

321 1690 509 1734 nonne
530 1672 693 1733 vides
718 1675 882 1732 etiam
905 1681 1092 1749 guttas
1117 1674 1173 1732 in
1197 1690 1334 1734 saxa
1359 1674 1611 1733 cadentis

321 1758 532 1817 umoris
554 1756 729 1833 longo
751 1757 806 1815 in
834 1757 1017 1836 spatio
1042 1757 1387 1835 pertundere
1417 1754 1592 1817 saxa?

656 2294 728 2385 Τ.
779 2293 1290 2387 Lucam!
1366 2297 1701 2388 CAR!-

311 2471 495 2584 nn
616 2472 1199 2620 RERUM
1312 2473 1986 2590 NATURA

772 2667 1058 2749 LIBER
1112 2661 1537 2762 QUINTUS.

962 2887 1323 2895 —————-——-

317 3017 465 3142 ouis
490 3072 646 3148 potis
670 3081 764 3131 est
784 3070 1011 3149 dignum
1035 3073 1278 3151 pollenti
1304 3084 1545 3152 pectore
1570 3092 1800 3134 carmen

311 3150 565 3213 condere
587 3172 694 3232 pro
716 3173 906 3215 rerum
929 3158 1224 3217 maiestate
1247 3156 1451 3235 hisque
1473 3159 1721 3236 repertis
1735 3154 1765 3209 ⁶?

311 3237 510 3314 quisve
534 3236 689 3298 valet
710 3239 905 3299 verbis
927 3248 1139 3299 tantum
1156 3284 1174 3316 ,
1200 3242 1295 3319 qui
1318 3242 1535 3319 fingere
1561 3240 1757 3303 laudes

307 3337 413 3397 pro
441 3322 659 3382 meritis
683 3323 809 3383 eius
830 3326 1051 3402 possit,
1080 3326 1174 3402 qui
1196 3322 1330 3384 talia
1354 3326 1520 3386 nohis

244 3410 282 3462 5
308 3411 549 3481 pectore
572 3414 732 3484 parta
755 3409 1258 3487 suoquaesitaque
1283 3411 1530 3487 praemia
1552 3408 1758 3487 liquit?
