2409 3825
301 188 385 255 66
1111 195 1418 251 CATVLLt
1866 196 2234 269 [Lxxxvm.

1032 360 1297 433 LXXX
1308 360 1496 435 VIIL

433 491 601 568 Quid
641 492 797 557 facit
838 491 924 576 is,
971 490 1166 575 Gelli,
1214 493 1324 576 qui
1367 514 1513 557 cum
1552 496 1756 557 matre
1801 495 1992 577 atque
2023 514 2243 558 sorore

519 576 735 641 Prurit
777 581 842 641 et
884 576 1148 641 abiectis
1189 577 1535 662 pervigilat
1573 578 1856 642 tunicis?

434 660 598 736 Quid
627 661 784 726 facit
810 662 885 744 is,
908 664 1205 743 patruom
1235 661 1346 744 qui
1372 681 1509 741 non
1536 662 1691 726 sinit
1719 683 1858 726 esse
1887 661 2244 726 maritum?

521 745 727 828 Ecqui
772 746 895 809 scis
940 748 1247 827 quantum
1289 745 1595 829 suscipiat
1636 746 1940 812 sceleris?

370 843 403 891 5
437 828 745 913 Suscipit,
792 850 830 894 o
878 828 1073 912 Gelli,
1121 831 1429 913 quantum
1471 850 1605 893 non
1646 830 1871 893 ultima
1914 829 2151 913 Tethys

519 914 658 978 Nec
748 914 957 978 enitor
999 912 1403 996 lympharum
1445 912 1648 977 abluit
1692 914 2018 979 Oceanus:

433 997 604 1063 Nam
656 1019 724 1061 m
773 998 822 1062 il
888 999 990 1062 est
1043 999 1377 1080 quicquam
1443 997 1725 1146 scellleris,
1793 1018 1917 1081 quo
1972 998 2254 1082 prodeat

1588 1085 1718 1165 tra,

517 1164 672 1231 Non
715 1165 770 1230 si
814 1165 1090 1230 demisso
1136 1188 1204 1231 se
1247 1166 1386 1250 ipse
1428 1169 1610 1230 voret
1652 1166 1874 1251 capite.

1019 1397 1512 1473 LXXXVIIH.

439 1518 684 1587 Gellius
728 1523 826 1585 est
866 1522 1107 1585 tenuis:
1153 1521 1305 1605 quid
1346 1521 1460 1585 ni‘?
1508 1522 1611 1586 cui
1651 1523 1785 1585 tam
1822 1520 1997 1585 bona
2037 1524 2254 1585 mater

523 1605 804 1689 Tamque
846 1605 1063 1670 valens
1106 1606 1280 1670 vivat
1322 1608 1578 1689 tamque
1621 1608 1889 1670 venusta
1932 1626 2118 1669 soror

440 1690 723 1773 Tamque
754 1690 958 1754 bonus
985 1692 1248 1773 patruos
1277 1692 1534 1773 tamque
1557 1690 1772 1754 omnia
1791 1690 1983 1774 plena
2008 1690 2253 1773 puellis

525 1773 865 1859 Cognatis,
912 1795 1104 1857 quare
1146 1773 1200 1837 is
1246 1773 1497 1838 desinat
1538 1796 1676 1839 esse
1718 1773 1972 1858 macer?

377 1871 410 1921 5
440 1857 566 1934 Qui
607 1861 681 1923 ut
721 1857 884 1924 nihil
928 1857 1222 1944 attingit,
1275 1858 1407 1923 nisi
1429 1855 1617 1943 'quod
1659 1858 1757 1923 fas
1800 1861 2065 1943 tangere
2110 1878 2254 1922 non
2371 1952 2372 1959 ἵ

1529 1946 1626 2007 est

525 2025 945 2103 Quantumvis
989 2049 1180 2112 quare
1226 2028 1313 2092 sit
1353 2049 1565 2092 macer
1606 1992 1913 2091 invenies.

1088 2241 1453 2315 LXXXX.

442 2361 759 2431 Nascatur
799 2386 1027 2451 magus
1072 2386 1150 2429 ex
1195 2364 1364 2429 Gelli
1406 2365 1751 2448 matrisque
1793 2363 2071 2427 nefando

527 2448 844 2534 Coniugio
888 2453 953 2514 et
996 2449 1198 2514 discat
1241 2448 1566 2513 Persicum
1610 2449 2022 2532 aruspicium:

443 2534 612 2601 Nam
653 2555 879 2618 magus
925 2555 1002 2598 ex
1042 2535 1246 2597 matre
1290 2536 1354 2597 et
1395 2537 1593 2618 gnato
1624 2534 1928 2618 gignatur
1970 2532 2254 2614 oportet,

529 2619 600 2684 Si
643 2621 854 2682 verast
893 2611 1254 2682 Persarum*
1272 2618 1451 2700 inpia
1492 2618 1774 2702 relligio,

383 2718 415 2766 5
445 2703 509 2769 N
511 2723 663 2768 avos
705 2705 780 2766 ut
821 2704 1082 2786 accepto
1126 2706 1461 2766 veneretur
1504 2701 1782 2765 carmine
1826 2699 2004 2763 divos

535 2786 878 2853 Omentum
922 2787 993 2851 in
1033 2785 1289 2850 flamma
1330 2786 1570 2871 pingue
1612 2784 2045 2868 liquefaciens.

1075 3017 1467 3092 LXXXXI.

445 3142 599 3205 Non
639 3142 815 3224 ideo,
863 3141 1061 3222 Gelli,
1115 3141 1448 3223 sperabam
1490 3144 1556 3205 te
1599 3140 1758 3204 mihi
1798 3139 1995 3204 fidum

2361 743 2373 874 „¹

530 3223 609 3284 In
651 3225 883 3286 misero
927 3223 1050 3287 hoc
1092 3227 1346 3305 nostro,
1391 3229 1511 3288 hoc
1552 3224 1803 3307 perdito
1835 3244 2049 3287 amore
2090 3223 2247 3307 fore,
2371 3304 2372 3309 ἵ

450 3302 635 3373 Quod
677 3311 741 3366 te
786 3326 1165 3388 cognossem
1210 3306 1373 3370 bene
1418 3310 1897 3372 constantemve
1940 3310 2228 3391 putarem

532 3384 667 3443 Aut
708 3406 896 3464 posse
941 3409 980 3450 a
1021 3389 1194 3471 turpi
1237 3392 1518 3453 mentem
1561 3390 1850 3455 inhibere
1892 3391 2128 3473 probro
2147 3441 2162 3471 ‚

385 3465 416 3509 5
447 3457 569 3520 Sed
592 3482 796 3542 neque
811 3470 979 3548 quod
1002 3473 1270 3534 matrem
1285 3493 1403 3535 nec
1415 3494 1787 3556 germanam
1805 3495 1943 3538 esse
1960 3474 2248 3540 videbam
2371 3484 2372 3489 ’
