2409 3825
1166 217 1246 278 vl
2107 217 2230 283 185

389 391 574 449 multa
596 396 783 447 meant
805 387 1025 445 inimica
1048 401 1157 464 per
1176 386 1326 443 auris
1342 430 1360 462 ‚
1386 383 1559 444 multa
1588 402 1693 463 per
1717 386 1872 464 ipsas

392 476 674 534 insinuant
695 471 845 530 naris
868 469 1075 529 infesta
1095 478 1268 546 atque
1293 484 1497 545 aspera
1516 467 1717 528 adactu
1733 514 1750 545 ‚

391 575 505 618 nec
529 564 658 617 sunt
682 551 854 612 multa
876 570 1072 630 parum
1097 560 1252 611 tactu
1272 551 1495 610 vitanda
1519 569 1707 629 neque
1731 562 1916 613 autem

254 648 371 705 780
391 649 635 720 aspectu
665 635 934 714 fugienda
956 652 1281 713 saporeque
1304 637 1484 695 tristia
1506 653 1651 714 quae
1678 637 1808 695 sint.

477 720 700 782 Deinde
723 719 919 780 videre
943 718 1082 779 licet
1109 736 1276 797 quam
1293 718 1501 777 multae
1523 719 1635 779 sint
1655 717 1864 778 homini
1889 734 1985 778 res

394 809 604 866 acriter
623 804 866 865 infestae
890 821 1063 863 sensu
1086 818 1448 881 spurcaeque
1471 819 1823 881 gravesque;

396 890 693 950 arboribus
717 889 953 966 primum
983 888 1155 946 certis
1177 888 1367 962 gravis
1390 886 1587 945 umbra
1606 887 1810 946 tributa

395 991 580 1052 usque
604 971 747 1032 adeo
767 1015 784 1048 ‚
811 970 1011 1048 capitis
1033 968 1240 1029 faciant
1263 979 1322 1029 ut
1346 987 1522 1048 saepe
1549 968 1778 1029 dolores
1797 1015 1815 1046 ‚

258 1065 371 1121 785
396 1058 575 1134 siquis
599 1073 697 1115 eas
718 1063 918 1133 supter
944 1054 1116 1113 iacuit
1137 1062 1454 1131 prostratus
1475 1054 1532 1112 in
1555 1052 1765 1113 herbis.

394 1150 486 1201 est
509 1141 676 1199 etiam
696 1139 913 1214 magnis
935 1135 1230 1196 Heliconis
1253 1137 1536 1197 montibus
1560 1137 1729 1196 arbos

394 1223 549 1284 floris
574 1221 751 1281 odore
774 1221 1055 1280 hominem
1077 1229 1260 1279 taetro
1283 1228 1556 1279 consueta
1576 1238 1801 1280 necare.

394 1305 621 1367 scilicet
636 1351 654 1383 ,
679 1305 824 1365 haec
848 1303 979 1364 ideo
1000 1305 1168 1364 terris
1192 1321 1269 1363 ex
1291 1305 1474 1363 omnia
1496 1313 1735 1380 surgunt

394 1389 567 1449 multa
588 1388 771 1448 modis
795 1386 984 1448 multis
1011 1385 1306 1446 multarum
1330 1388 1543 1447 semina
1562 1404 1749 1446 rerum
1769 1433 1787 1464 ,

262 1482 378 1537 790
399 1473 552 1552 quod
573 1474 849 1551 permixta
871 1473 1020 1548 gerit
1042 1469 1215 1531 tellus
1238 1469 1600 1547 discretaque
1623 1469 1806 1530 tradit.

393 1565 843 1634 nocturnumque
873 1571 1080 1615 recens
1104 1555 1415 1613 extinctum
1436 1553 1626 1612 lumen
1653 1555 1749 1613 ubi
1774 1555 1890 1614 acri

391 1641 592 1701 nidore
614 1637 850 1699 offendit
870 1655 1036 1698 nares
1054 1683 1071 1714 ‚
1100 1639 1364 1714 consopit
1387 1635 1596 1696 ibidem

395 1723 701 1785 concidere
729 1733 788 1782 et
812 1739 1038 1800 spumas
1065 1722 1161 1799 qui
1182 1721 1381 1781 morbo
1405 1722 1627 1779 mittere
1653 1722 1854 1780 suevit.

397 1816 775 1886 castoreoque
799 1807 960 1883 gravi
981 1803 1182 1865 mulier
1204 1806 1389 1882 sopita
1412 1804 1726 1881 recumbit,

259 1899 370 1955 795
394 1901 452 1953 et
474 1891 726 1952 manibus
749 1888 981 1950 nitidum
1001 1889 1217 1950 teneris
1250 1903 1396 1965 opus
1417 1886 1597 1948 effluit
1621 1889 1711 1965 ei,

392 1986 653 2054 tempore
678 1992 750 2034 eo
774 1977 822 2035 si
847 1972 1134 2034 odoratast
1157 1990 1271 2051 quo
1295 1981 1579 2032 menstrua
1602 1970 1791 2032 solvit.

392 2058 677 2138 multaque
703 2068 1002 2136 praeterea
1024 2056 1346 2133 languentia
1366 2055 1615 2115 membra
1636 2073 1743 2135 per
1765 2067 1916 2117 artus

398 2142 627 2203 solvunt
655 2151 826 2221 atque
849 2141 1083 2200 animam
1111 2139 1456 2199 labefactant
1478 2137 1711 2200 sedibus
1735 2142 1900 2201 intus.

396 2225 641 2304 denique
660 2227 709 2286 si
734 2224 931 2284 calidis
956 2225 1125 2283 etiam
1150 2232 1420 2282 cunctare
1443 2221 1687 2282 lavabris

257 2319 371 2373 800
391 2308 617 2389 plenior
637 2318 696 2369 et
716 2307 924 2367 laveris
942 2352 961 2384 ,
987 2306 1135 2367 solio
1158 2305 1435 2367 ferventis
1456 2308 1620 2385 aquai

395 2410 560 2471 quam
588 2391 758 2452 facile
781 2393 837 2450 in
858 2390 1045 2450 medio
1070 2391 1130 2449 fit
1159 2391 1241 2448 uti
1270 2389 1371 2450 des
1401 2406 1578 2468 saepe
1603 2392 1820 2451 ruinas!

398 2475 818 2553 carbonumque
842 2474 1030 2551 gravis
1053 2475 1140 2533 vis
1166 2482 1336 2552 atque
1363 2473 1505 2532 odor
1525 2475 1834 2534 insinuatur

396 2577 561 2637 quam
582 2558 751 2620 facile
775 2559 831 2616 in
855 2558 1152 2617 cerebrum
1169 2602 1187 2633 ,
1212 2558 1319 2615 nisi
1345 2574 1542 2633 aquam
1565 2559 1962 2635 praecepimus
1984 2557 2142 2617 ante!

392 2652 448 2702 at
479 2660 605 2701 cum
625 2640 874 2702 membra
901 2639 1098 2700 domus
1122 2641 1386 2718 percepit
1409 2637 1681 2697 fervidior
1707 2642 1794 2700 vis
1812 2686 1830 2717 ‚

259 2734 370 2789 805
395 2735 509 2785 tum
534 2726 593 2786 lit
617 2725 760 2784 odor
778 2726 885 2783 viri
906 2724 1109 2803 plagae
1133 2722 1444 2782 mactabilis
1469 2723 1659 2781 instar.

394 2826 581 2869 nonne
603 2807 766 2869 vides
789 2809 955 2868 etiam
975 2816 1125 2867 terra
1148 2824 1375 2884 quoque
1401 2804 1600 2884 sulpur
1622 2807 1676 2864 in
1700 2809 1821 2884 ipsa

393 2893 619 2969 gignier
646 2900 705 2952 et
732 2900 914 2951 taetro
941 2907 1323 2949 concrescere
1349 2889 1526 2948 odore
1552 2888 1829 2958 bitumen;

393 2975 638 3054 denique
661 2974 757 3034 ubi
786 2975 1004 3053 argenti
1028 2991 1201 3033 venas
1225 2975 1459 3051 aurique
1484 2982 1754 3036 secuntur
1772 3018 1789 3050 ‚

389 3061 561 3119 terrai
584 3059 809 3139 penitus
833 3066 1152 3118 scrutantes
1173 3056 1362 3116 abdita
1382 3056 1536 3116 ferro
1552 3101 1570 3133 ‚

255 3151 369 3206 810
394 3142 576 3220 qualis
603 3143 828 3222 expiret
849 3138 1225 3220 Scaptensula
1253 3141 1451 3201 subter
1472 3137 1722 3199 odores?

394 3225 604 3303 quidve
627 3224 755 3286 mali
782 3227 841 3285 fit
863 3235 923 3285 ut
951 3223 1219 3284 exhalent
1237 3233 1426 3283 aurata
1447 3221 1701 3283 metalla!

395 3327 535 3387 quas
561 3309 845 3369 hominum
867 3307 1105 3368 reddunt
1128 3308 1309 3367 facies
1334 3305 1630 3384 qualisque
1657 3303 1884 3363 colores
1905 3304 1917 3362 ἔ

394 3411 582 3453 nonne
608 3394 770 3454 vides
793 3392 1026 3452 audisve
1050 3393 1241 3469 perire
1267 3391 1602 3466 intempore
1626 3404 1801 3465 parvo

394 3495 559 3555 quam
584 3475 837 3554 soleant,
863 3484 922 3536 et
945 3491 1107 3554 quam
1129 3474 1262 3532 vitai
1287 3473 1450 3549 copia
1481 3470 1658 3547 desit,
