2409 3825
226 175 348 238 112
1184 173 1265 231 IV

394 361 522 402 nam
544 343 603 402 fit
625 351 685 401 ut
709 342 767 399 in
788 340 1001 401 somnis
1025 339 1359 400 facerehoc
1381 341 1639 405 videatur
1661 340 1881 421 imago:

397 428 610 506 quippe
624 470 642 502 ‚
667 424 764 484 ubi
786 426 964 504 prima
985 425 1135 503 perit
1158 422 1385 504 alioque
1412 435 1502 487 est
1526 426 1702 486 altera
1724 435 1851 485 nata

267 519 371 575 770
393 510 524 570 inde
547 518 696 570 statu
713 553 732 586 ‚
761 510 920 587 prior
941 506 1034 567 hic
1057 518 1286 587 gestum
1308 519 1558 571 mutasse
1580 508 1820 575 videtur„

394 593 653 670 scilicet,
678 593 736 652 id
758 593 880 652 fieri
905 589 1081 651 celeri
1104 594 1324 653 ratione
1346 594 1734 671 putandumst:

396 689 548 739 tanta
571 686 661 737 est
682 675 966 736 mobilitas
992 684 1050 736 et
1075 694 1266 736 rerum
1288 679 1456 756 copia
1477 687 1629 739 tanta
1645 723 1663 755 ,

398 771 666 841 tantaque
690 758 948 821 sensibili
974 763 1176 838 quovis
1200 770 1290 821 est
1313 771 1576 840 tempore
1601 763 1658 822 in
1680 777 1792 820 uno

401 848 567 926 copia
588 843 987 924 particularum
1002 889 1020 921 ,
1045 854 1104 904 ut
1128 847 1315 924 possit
1337 846 1724 925 suppeditare.

270 937 374 994 775
460 931 487 1011 Η
516 927 809 1006 Multaque
831 929 889 986 in
909 926 998 989 his
1020 928 1195 989 rebus
1220 939 1563 1007 quaeruntur
1578 975 1596 1008 ,
1629 928 1916 1008 multaque
1940 931 2117 993 nobis

401 1011 777 1074 clarandumst
792 1057 811 1090 ,
835 1010 1005 1090 plane
1029 1014 1079 1073 si
1100 1031 1197 1074 res
1225 1031 1521 1092 exponere
1543 1031 1793 1074 avemus.

399 1099 685 1177 quaeritur
707 1098 765 1156 in
785 1097 978 1174 primis
1003 1114 1176 1175 quare
1194 1142 1215 1175 ‚
1243 1097 1395 1175 quod
1421 1100 1627 1177 cuique
1649 1096 1825 1156 libido

396 1182 653 1257 venerit,
680 1179 970 1259 extemplo
994 1198 1154 1241 mens
1179 1182 1398 1257 cogitet
1421 1184 1544 1242 eius
1568 1182 1624 1242 id
1645 1183 1846 1260 ipsum.

398 1285 541 1326 anne
564 1263 911 1324 voluntatem
932 1274 1181 1325 nostram
1203 1264 1503 1326 simulacra
1524 1275 1751 1326 tuentur
1765 1311 1784 1342 ,

270 1357 376 1413 780
399 1360 457 1410 et
481 1348 645 1410 simul
669 1367 737 1409 ac
758 1346 1019 1408 volumus
1039 1348 1204 1409 nobis
1231 1352 1480 1409 occurrit
1502 1352 1686 1428 imago
1703 1395 1721 1425 ,

401 1436 449 1495 si
472 1452 624 1493 mare
646 1478 663 1510 ‚
688 1434 738 1494 si
761 1433 989 1493 terrain
1015 1432 1248 1493 cordest
1264 1479 1281 1511 ‚
1307 1436 1356 1494 si
1381 1433 1626 1513 denique
1660 1431 1925 1493 caelum?

405 1527 721 1578 conventus
750 1516 1034 1576 hominum
1051 1562 1069 1594 ,
1094 1533 1362 1597 pompam
1379 1563 1396 1595 ‚
1425 1519 1714 1593 convivia,
1740 1535 1962 1595 pugnas
1980 1563 1999 1594 ,

404 1604 584 1663 omnia
607 1601 713 1661 sub
739 1600 994 1660 verbone
1020 1606 1176 1660 creat
1202 1611 1399 1662 natura
1427 1597 1741 1682 paratque?

405 1705 532 1747 cum
555 1686 893 1765 praesertim
913 1683 1035 1744 aliis
1060 1684 1260 1745 eadem
1282 1689 1338 1745 in
1359 1688 1597 1764 regione
1621 1685 1871 1764 locoque

272 1777 377 1833 785
401 1769 576 1848 longe
602 1767 886 1830 dissimilis
910 1771 1124 1829 animus
1144 1787 1240 1830 res
1267 1773 1485 1848 cogitet
1509 1771 1706 1830 omnis.

405 1854 539 1933 quid
567 1871 739 1932 porro
754 1899 772 1930 ,
797 1855 851 1913 in
870 1871 1161 1914 numerum
1183 1854 1505 1934 procedere
1532 1872 1659 1916 cum
1682 1852 1981 1922 simulacra

404 1939 684 1998 cernimus
709 1939 765 1996 in
788 1933 998 1998 somnis
1024 1947 1083 1997 et
1104 1937 1298 1999 mollia
1318 1939 1569 1999 membra
1588 1955 1823 1998 movere
1840 1983 1858 2013 ,

400 2019 590 2081 mollia
609 2066 625 2097 ,
650 2020 937 2081 mobiliter
959 2040 1086 2082 cum
1107 2020 1339 2082 alternis
1365 2021 1631 2083 bracchia
1650 2024 1872 2081 mittunt

402 2114 460 2165 et
484 2104 737 2165 referunt
761 2103 943 2166 oculis
968 2116 1195 2183 gestum
1219 2103 1370 2185 pede
1397 2102 1799 2166 convenienti?

276 2195 383 2253 790
403 2187 628 2248 scilicet
646 2235 662 2266 ,
704 2200 822 2249 arte
846 2189 1071 2250 madent
1093 2189 1389 2250 simulacra
1414 2199 1473 2251 et
1495 2191 1664 2250 docta
1684 2199 1995 2267 vagantur,

401 2281 679 2332 nocturno
702 2273 897 2333 facere
924 2284 984 2335 ut
1010 2275 1234 2353 possint
1257 2276 1594 2354 intempore
1617 2274 1803 2334 ludos.

403 2374 474 2416 an
496 2357 674 2434 magis
699 2355 838 2428 illud
860 2359 969 2418 erit
994 2354 1235 2418 verum?
1258 2359 1386 2437 quia
1408 2367 1667 2438 tempore
1689 2359 1746 2417 in
1767 2372 1880 2415 uno
1918 2411 1923 2418 .

402 2441 809 2520 [consentimus
833 2440 889 2499 id
912 2451 1003 2502 est
1029 2460 1155 2501 cum
1176 2458 1294 2501 vox
1319 2444 1588 2503 emittitur
1608 2441 1738 2521 una]

397 2535 655 2604 tempora
676 2524 846 2585 multa
870 2523 1078 2603 latent,
1098 2527 1241 2585 ratio
1266 2543 1409 2604 quae
1437 2526 1714 2605 comperit
1736 2542 1871 2586 esse
1887 2567 1908 2602 ‚

272 2615 376 2672 795
399 2619 711 2689 propterea
736 2609 796 2669 fit
819 2610 897 2668 uti
925 2612 1128 2689 quovis
1150 2610 1207 2668 in
1231 2620 1492 2689 tempore
1517 2628 1778 2689 quaeque

401 2703 633 2771 praesto
657 2694 767 2752 sint
789 2692 1090 2753 simulacra
1111 2692 1259 2753 locis
1284 2696 1339 2753 in
1365 2696 1607 2773 quisque
1629 2702 1841 2772 parata.

404 2778 575 2855 [tanta
597 2787 689 2837 est
712 2776 995 2837 mobilitas
1020 2785 1077 2835 et
1100 2795 1290 2836 rerum
1317 2780 1484 2857 copia
1504 2787 1654 2840 tanta

399 2861 509 2920 hoc
534 2860 631 2919 ubi
656 2862 832 2939 prima
854 2862 1003 2938 perit
1025 2859 1252 2939 alioque
1276 2871 1366 2922 est
1388 2861 1566 2922 altera
1587 2871 1714 2922 nata

400 2943 529 3003 inde
552 2954 702 3005 statu
724 2946 882 3023 prior
902 2943 996 3004 hic
1019 2953 1246 3021 gestum
1269 2954 1519 3007 mutasse
1543 2945 1791 3023 videtur]

273 3035 379 3089 800
401 3037 459 3087 et
485 3029 615 3106 quia
636 3030 825 3088 tenvia
850 3037 1013 3105 sunt,
1039 3029 1147 3088 nisi
1170 3047 1237 3088 se
1263 3030 1585 3107 contendit,
1611 3032 1790 3090 acute'

398 3129 640 3171 cernere
662 3128 776 3170 non
798 3113 950 3191 potis
973 3122 1064 3172 est
1088 3112 1331 3174 animus:
1355 3112 1595 3192 proinde
1621 3113 1805 3173 omnia
1827 3133 1977 3195 quae
2000 3122 2142 3175 sunt

396 3204 697 3273 praeterea
716 3204 993 3274 pereunt,
1018 3195 1126 3255 nisi
1150 3198 1207 3255 si
1228 3215 1370 3275 quae
1395 3196 1465 3257 ad
1487 3216 1554 3258 se
1577 3199 1706 3276 ipse
1728 3200 1967 3277 paravit.

397 3280 525 3356 ipse
548 3286 707 3357 parat
732 3297 868 3339 sese
891 3296 1064 3357 porro
1083 3325 1101 3356 ‚
1127 3290 1439 3360 speratque
1462 3280 1708 3341 futurum

399 3369 459 3418 ut
487 3360 677 3420 videat
701 3361 853 3438 quod
883 3363 1254 3440 consequitur
1273 3382 1394 3423 rem
1421 3382 1732 3443 quamque:
1755 3365 1816 3425 fit
1844 3383 2010 3442 ergo.

267 3448 371 3503 805
403 3460 589 3505 nonne
613 3442 776 3504 vides
809 3442 1010 3522 oculos
1033 3448 1198 3505 etiam
1219 3492 1237 3523 ‚
1270 3465 1397 3506 cum
1421 3451 1608 3507 tenvia
1633 3466 1777 3528 quae
1801 3458 1933 3509 sunt
