2409 3825
1158 163 1240 222 VI

135 403 142 408 ,
223 348 342 401 245
370 336 669 415 expediam
686 379 704 411 ,
728 351 920 412 neque
943 335 1078 392 lein
1099 334 1397 411 promissis
1421 332 1584 411 plura
1609 334 1890 394 morabor.

452 419 705 480 Fulmina
725 419 953 494 gignier
982 435 1015 476 e
1041 419 1250 476 crassis
1274 415 1506 495 alteque
1528 416 1887 495 putandumst

369 504 613 564 nubibus
645 502 952 562 extructis:
973 518 1101 559 nam
1123 499 1287 560 caelo
1312 499 1466 560 nulla
1489 518 1699 559 sereno

369 608 479 649 nec
502 586 709 647 leviter
731 584 924 645 densis
945 586 1234 643 mittuntur
1255 585 1499 643 nubibus
1523 602 1796 662 umquam.

370 690 497 731 nam
516 670 687 730 dubio
710 667 915 747 procul
936 668 1048 730 hoc
1072 667 1193 727 fieri
1215 667 1511 730 manifesta
1531 668 1703 728 docet
1725 686 1820 728 res
1840 689 1853 735 ;

228 767 347 819 250
370 754 522 834 quod
544 764 659 814 tum
682 771 789 831 per
811 761 991 812 totum
1015 760 1394 813 concrescunt
1413 757 1550 811 aera
1570 752 1752 811 nubes
1768 796 1786 828 ,

374 837 620 916 undique
643 838 722 898 uti
742 836 1011 902 tenebras
1036 836 1216 896 omnis
1240 835 1566 895 Acherunta
1588 852 1810 895 reamur

373 923 613 1001 liquisse
638 930 700 982 et
719 938 949 996 magnas
976 918 1122 979 caeli
1152 919 1482 998 complesse
1509 937 1796 979 cavernas.

374 1024 558 1084 usque
581 1004 725 1063 adeo
750 1012 896 1082 tetra
917 1002 1233 1062 nimborum
1254 1012 1428 1063 nocte
1451 1012 1646 1064 coorta

374 1087 684 1167 inpendent
705 1096 859 1148 atrae
891 1086 1202 1148 formidinis
1228 1104 1326 1147 ora
1347 1104 1624 1165 superne,

234 1185 348 1237 255
382 1191 511 1234 cum
534 1170 844 1231 commoliri
868 1179 1178 1249 tempestas
1202 1169 1433 1231 fulmina
1460 1180 1707 1249 coeptat.

375 1265 675 1336 praeterea
705 1272 990 1333 persaepe
1012 1256 1177 1332 niger
1197 1272 1425 1333 quoque
1447 1273 1556 1333 per
1575 1272 1727 1314 mare
1749 1253 1969 1313 mmbus
1986 1298 2005 1329 ,

376 1350 439 1401 ut
465 1342 611 1419 picis
634 1358 667 1398 e
693 1338 857 1399 caelo
882 1337 1190 1399 demissum
1213 1337 1454 1414 flumen,
1483 1340 1539 1397 in
1561 1337 1736 1397 undas

379 1428 464 1487 sic
488 1424 637 1483 cadit
659 1422 894 1482 effertus
916 1422 1171 1490 tenebris
1193 1421 1396 1501 procul
1420 1431 1478 1482 et
1501 1421 1666 1481 trahit
1686 1428 1859 1480 atram

378 1506 702 1567 fulminibus
726 1505 1012 1583 gravidam
1031 1514 1430 1606 tempestatem
1461 1515 1629 1583 atque
1655 1501 1930 1583 procellis
1946 1548 1964 1579 ‚

240 1604 358 1658 260
383 1591 610 1669 ignibus
630 1607 698 1651 ac
719 1591 906 1650 ventis
933 1607 1060 1649 cum
1081 1591 1277 1669 primis
1299 1591 1428 1669 ipse
1450 1587 1708 1667 repletus
1724 1632 1742 1663 ,

377 1679 436 1735 in
458 1684 609 1734 terra
632 1690 861 1752 quoque
883 1681 944 1732 ut
965 1667 1307 1736 Rorrescant
1328 1691 1396 1733 ac
1421 1681 1575 1732 tecta
1602 1671 1904 1748 requirant.

379 1762 465 1820 sic
491 1760 661 1835 igitur
681 1775 888 1836 supera
907 1767 1163 1816 nostrum
1192 1766 1361 1835 caput
1383 1774 1516 1816 esse
1539 1753 1895 1833 putandumst

378 1851 778 1922 tempestatem
800 1841 983 1901 altam.
1018 1860 1208 1918 neque
1231 1844 1380 1901 enim
1403 1838 1645 1917 caligine
1667 1847 1819 1898 tanta

381 1928 688 1987 obruerent
711 1934 890 1985 terras
904 1970 922 2001 ,
949 1927 1057 1986 nisi
1076 1926 1426 1986 inaedificata
1459 1941 1706 2003 superne

242 2021 355 2076 265
377 2009 550 2070 multa
567 2010 754 2069 forent
774 2008 962 2069 multis
984 2018 1254 2088 exempto
1277 2008 1467 2071 nubila
1487 2008 1643 2069 sole:

378 2113 490 2154 nec
511 2103 664 2153 tanto
691 2103 929 2171 possent
951 2095 1250 2155 venientes
1275 2095 1600 2171 opprimere
1624 2089 1818 2165 imbri,

380 2178 603 2239 flumina
624 2176 904 2236 abundare
927 2185 987 2236 ut
1011 2176 1270 2237 facerent
1294 2192 1640 2255 camposque
1668 2181 1860 2233 natare
1876 2219 1895 2250 ,

380 2265 563 2322 sinon
584 2262 858 2320 extructis
882 2260 1033 2320 foret
1055 2259 1168 2320 alte
1189 2261 1434 2321 nubibus
1459 2258 1674 2321 aether.

377 2346 472 2404 hic
494 2345 665 2420 igitur
687 2346 871 2403 ventis
897 2353 1067 2421 atque
1091 2345 1317 2421 ignibus
1342 2345 1522 2403 omnia
1543 2342 1724 2421 plena,

237 2438 352 2492 270
380 2437 538 2491 sunt:
563 2427 694 2487 ideo
714 2428 924 2506 passim
945 2426 1201 2489 fremitus
1227 2438 1284 2487 et
1307 2427 1530 2504 fulgura
1552 2427 1705 2485 liunt.

380 2515 593 2592 quippe
616 2513 827 2570 etenim
850 2529 1021 2589 supra
1044 2510 1211 2572 docui
1241 2510 1520 2590 permulta
1537 2511 1766 2588 vaporis

380 2598 597 2656 semina
625 2592 839 2653 habere
873 2612 1039 2654 cavas
1074 2596 1256 2656 nubes
1275 2641 1292 2671 ,
1319 2603 1377 2654 et
1397 2593 1569 2652 multa
1598 2600 1901 2653 necessest

382 2681 690 2757 concipere
714 2695 789 2736 ex
811 2677 951 2738 solis
974 2678 1143 2739 radiis
1165 2678 1482 2755 ardoreque
1504 2692 1717 2735 eorum.

379 2763 493 2822 hoc
516 2762 612 2820 ubi
635 2770 838 2821 ventus
861 2779 959 2821 eas
983 2761 1133 2822 idem
1157 2764 1252 2840 qui
1278 2763 1435 2837 cogit
1455 2762 1512 2818 in
1534 2776 1700 2818 unum

245 2855 355 2910 275
378 2847 528 2906 forte
555 2844 747 2904 locum
770 2847 1027 2923 quemvis
1041 2891 1059 2922 ‚
1085 2847 1373 2924 expressit
1396 2843 1568 2903 multa
1588 2842 1817 2919 vaporis

379 2931 595 2991 semina
618 2947 798 3006 seque
823 2928 988 2988 simul
1014 2947 1140 2988 cum
1166 2947 1239 2989 eo
1263 2928 1618 2989 commiscuit
1639 2927 1787 3003 igni,

329 3008 334 3017 ’
376 3015 691 3073 insinuatus
714 3012 790 3072 ibi
811 3022 1018 3072 vortex
1043 3023 1305 3072 versatur
1326 3016 1383 3072 in
1412 3021 1534 3072 arto

382 3106 442 3157 et
469 3094 668 3156 calidis
690 3097 841 3155 acuit
869 3095 1080 3155 fulmen
1107 3096 1435 3156 fornacibus
1458 3096 1637 3156 intus:

381 3197 505 3240 ῑιῖᾱῖ.
530 3178 744 3258 duplici
766 3181 984 3240 ratione
1016 3180 1379 3256 accenditur,
1409 3182 1536 3256 ipse
1562 3197 1661 3239 sua
1687 3195 1813 3239 cum

245 3274 359 3329 280
380 3262 695 3323 mobilitate
722 3262 993 3341 calescit,
1019 3272 1077 3323 et
1102 3283 1135 3323 e
1162 3264 1498 3340 contagibus
1521 3264 1686 3339 ignis.

379 3347 512 3406 inde
538 3347 635 3406 ubi
659 3346 938 3423 percaluit
960 3349 1114 3406 venti
1142 3349 1229 3405 vis
1255 3357 1312 3406 et
1334 3347 1523 3424 gravis
1547 3347 1694 3422 ignis

378 3433 627 3510 impetus
659 3431 926 3505 incessit,
952 3439 1224 3488 maturum
1243 3438 1361 3488 tum
1384 3430 1543 3507 quasi
1564 3427 1777 3486 fulmen

2072 161 2193 227 171
