2409 3825
190 196 278 261 88
1167 191 1249 251 111

359 383 505 444 quae
529 375 713 426 tamen
736 367 918 424 omnia
941 375 1000 425 te
1021 366 1136 424 vita
1159 362 1457 443 perfuncta
1481 374 1825 442 sequentur:

357 468 470 510 nec
492 451 674 509 minus
698 466 840 526 ergo
864 458 993 508 ante
1017 448 1161 508 haec
1186 465 1351 526 quam
1372 456 1433 507 tu
1455 446 1725 508 cecidere
1741 495 1760 526 ,
1787 448 2150 529 cadentque.

361 534 446 593 sic
475 531 586 593 alid
610 550 685 591 ex
705 531 818 592 alio
839 549 1138 609 numquam
1160 530 1401 591 desistet
1424 533 1557 590 oriri
1575 578 1592 608 ‚

358 618 588 694 vitaque
608 616 890 695 mancipio
915 615 1054 675 nulli
1078 615 1271 692 datur,
1296 614 1556 675 omnibus
1579 634 1703 676 usu.

229 707 335 762 970
356 702 588 779 respice
611 701 747 759 item
770 717 934 778 quam
961 698 1038 759 nil
1065 697 1135 760 ad
1156 716 1263 759 nos
1286 707 1417 758 ante
1437 707 1565 760 acta
1587 708 1842 760 vetustas
2402 712 2409 759 1

359 785 635 862 temporis
664 784 881 842 aeterni
901 782 1106 860 fuerit,
1132 801 1297 861 quam
1318 782 1601 843 nascimur
1623 793 1770 843 ante.
2402 782 2409 791 ’

358 866 472 926 hoc
495 869 668 945 igitur
697 864 995 944 speculum
1017 867 1183 927 nobis
1208 877 1404 927 natura
1431 866 1604 928 futuri
2392 816 2409 1075 l

357 952 632 1029 temporis
656 952 890 1028 exponit
913 959 1044 1029 post
1064 959 1304 1011 mortem
1327 950 1571 1029 denique
1593 959 1858 1011 nostram.

358 1033 624 1113 numquid
646 1034 724 1093 ibi
746 1033 1017 1094 horribile
1040 1044 1310 1114 apparet,
1335 1052 1465 1093 num
1490 1036 1656 1095 triste
1676 1034 1903 1094 videtur

226 1125 330 1181 975
356 1119 654 1196 quicquam
671 1163 689 1194 ,
713 1135 827 1178 non
849 1120 998 1178 omni
1022 1136 1223 1179 somno
1258 1120 1518 1179 securius
1549 1114 1776 1179 exstat?

439 1202 630 1279 Atque
656 1218 723 1261 ea
738 1248 755 1278 ‚
779 1203 1068 1280 nimirum,
1095 1220 1488 1281 quaecumque
1509 1202 1840 1262 Acherunte
1855 1202 2159 1281 profundo

360 1285 580 1363 prodita
602 1294 731 1345 sunt
753 1305 886 1347 esse
903 1332 921 1363 ‚
943 1289 1000 1345 in
1019 1288 1134 1347 vita
1157 1297 1286 1347 sunt
1308 1288 1491 1346 omnia
1511 1286 1695 1347 nobis.

357 1388 469 1429 nec
490 1370 663 1430 miser
683 1370 999 1449 inpendens
1020 1388 1281 1447 magnum
1303 1372 1471 1430 timet·
1483 1376 1620 1431 aere
1643 1387 1838 1430 saxum

358 1451 621 1513 Tantalus
637 1500 655 1531 ,
681 1463 741 1513 ut
762 1454 995 1531 famast,
1025 1472 1189 1515 cassa
1219 1453 1515 1514 formidine
1536 1464 1802 1532 torpens:
2390 1404 2409 1553 q

227 1545 334 1600 980
357 1536 464 1598 sed
485 1539 663 1615 magis
687 1539 743 1595 in
764 1539 878 1598 vita
902 1537 1089 1597 divom
1110 1547 1296 1598 metus
1327 1547 1497 1617 urget
1518 1540 1694 1597 inanis

355 1621 607 1683 mortalis
622 1667 640 1698 ‚
666 1640 975 1701 casumque
998 1623 1195 1682 timent
1220 1640 1390 1700 quem
1414 1625 1620 1700 cuique
1644 1621 1785 1681 ferat
1810 1620 1947 1681 fors.
2392 1560 2409 1683 ι

354 1724 465 1765 nec
487 1704 693 1781 Tityon
715 1704 985 1766 volucres
1007 1707 1200 1766 ineunt
1223 1705 1554 1766 Acherunte
1578 1707 1855 1766 iacentem
1870 1750 1888 1781 ‚
2380 1698 2407 1793 ff

355 1808 466 1849 nec
490 1789 641 1867 quod
672 1790 779 1850 sub
801 1807 1006 1867 magno
1030 1798 1356 1850 scrutentur
1377 1798 1619 1868 pectore
1642 1791 1940 1867 quicquam

353 1883 687 1952 perpetuam
712 1882 955 1934 aetatem
979 1882 1221 1953 possunt
1243 1876 1500 1956 reperire
1525 1873 1809 1953 profecto.
2382 1808 2409 1960 ἢ

223 1966 326 2021 985
349 1955 658 2035 quamlibet
683 1959 902 2017 immani
926 1960 1188 2035 proiectu
1214 1960 1475 2035 corporis
1499 1967 1720 2034 exstet,

352 2042 448 2119 qui
471 2058 585 2100 non
605 2039 729 2100 sola
750 2057 956 2101 novem
980 2042 1259 2121 dispessis
1281 2044 1479 2120 iugera
1500 2041 1767 2102 membris

351 2126 638 2203 optineat,
663 2124 769 2185 sed
796 2127 891 2204 qui
911 2128 1081 2185 terrai
1101 2128 1277 2187 totius
1302 2127 1500 2186 orbem
1518 2172 1536 2203 ,

350 2218 671 2269 nontamen
691 2218 982 2269 aeternum
1004 2211 1214 2288 poterit
1236 2210 1496 2289 perferre
1523 2209 1777 2270 dolorem

350 2310 461 2351 nec
486 2291 768 2370 praebere
791 2293 977 2353 cibum
998 2296 1236 2373 proprio
1260 2294 1334 2354 de
1359 2311 1605 2373 corpore
1619 2289 1874 2374 semper.

220 2385 327 2441 990
347 2376 452 2436 sed
475 2374 671 2450 Tityos
695 2376 859 2437 nobis
888 2376 982 2437 hic
1006 2387 1127 2456 est,
1155 2379 1211 2437 in
1233 2394 1427 2438 amore
1448 2380 1731 2438 iacentem

353 2478 521 2539 quem
542 2459 812 2521 volucres
834 2461 1087 2522 lacerant
1108 2470 1279 2540 atque
1303 2471 1471 2523 exest
1489 2463 1687 2521 anxius
1712 2478 1891 2538 angor

348 2553 442 2604 aut
462 2542 570 2603 alia
594 2546 794 2622 quavis
815 2544 1077 2606 scindunt
1102 2544 1427 2623 cuppedine
1453 2562 1642 2605 curae.

350 2627 632 2708 Sisyphus
657 2629 713 2687 in
734 2630 848 2689 vita
872 2647 1102 2707 quoque
1125 2629 1293 2690 nobis
1315 2639 1446 2689 ante
1469 2627 1673 2689 oculos
1696 2638 1786 2688 est
1800 2674 1818 2705 ‚

349 2714 446 2790 qui
467 2722 669 2790 petere
692 2730 725 2772 a
750 2712 966 2791 populo
989 2712 1181 2773 fasces
1205 2731 1525 2791 saevasque
1547 2730 1786 2774 secures
2386 2745 2399 2762 ·

221 2803 325 2859 995
352 2796 601 2873 imbibit,
629 2805 688 2855 et
709 2814 941 2875 semper
960 2798 1148 2857 victus
1170 2799 1467 2875 tristisque
1486 2795 1724 2856 recedit.
2170 2811 2201 2846 ·.

348 2898 474 2939 nam
498 2889 701 2958 petere
724 2881 1019 2958 imperium
1035 2925 1053 2957 ‚
1081 2880 1233 2958 quod
1255 2882 1475 2942 inanest
1496 2899 1606 2940 nec
1630 2880 1790 2939 datur
1813 2896 2075 2957 umquam
2091 2924 2115 2957 ,

348 2973 520 3041 atque
542 2965 599 3023 in
622 2981 694 3023 eo
718 2982 950 3043 semper
972 2963 1169 3023 durum
1192 2964 1433 3025 sufferre
1460 2962 1715 3024 laborem
1736 3009 1754 3041 ,

346 3046 460 3107 hoc
484 3056 575 3108 est
595 3046 840 3108 adverso
863 3049 1145 3107 nixantem
1167 3047 1398 3108 trudere
1419 3057 1613 3108 monte

348 3148 542 3192 saxum
558 3177 577 3208 ,
603 3131 756 3209 quod
778 3141 968 3191 tamen
989 3151 1023 3191 e
1045 3148 1263 3191 summo
1284 3134 1393 3191 iam
1411 3133 1631 3192 vertice
1652 3148 1843 3190 rusum

183 3223 318 3278 tooo
346 3212 595 3275 volvitur
616 3224 676 3273 et
702 3214 852 3291 plani
873 3216 1074 3293 raptim
1096 3217 1240 3293 petit
1266 3232 1514 3293 aequora
1545 3216 1745 3291 campi.

348 3298 554 3358 deinde
577 3300 742 3357 animi
763 3299 1036 3374 ingratam
1057 3308 1308 3358 naturam
1330 3315 1575 3375 pascere
1599 3315 1832 3376 semper
1852 3342 1870 3373 ,
2336 3332 2345 3336 —
2380 3339 2389 3348 .

345 3390 518 3459 atque
547 3380 787 3459 explere
809 3380 975 3441 bonis
997 3381 1171 3442 rebus
1195 3384 1516 3460 satiareque
1539 3398 1839 3459 numquam
1856 3425 1875 3456 ‚
2346 3361 2391 3799 Ι

345 3464 498 3543 quod
523 3463 734 3524 faciunt
758 3464 921 3523 nobis
944 3480 1212 3526 annorum
1232 3474 1491 3543 tempora
1507 3510 1525 3543 ‚
1551 3467 1765 3524 circum
