2409 3825
905 200 1317 249 PRAEFATIO.
1721 255 1723 257 ,
1941 221 1948 228 “
2025 204 2099 255 IX

130 376 391 438 quorum
419 357 682 415 omnium
721 375 857 415 eam
874 356 1280 417 conditionem
1293 365 1476 436 atque
1503 357 1770 416 indolem
1783 359 1972 417 fuisse
1991 379 2096 437 ap-

128 448 327 520 paret,
341 447 409 497 ut
430 439 668 497 illorum
681 440 1115 499 consuetudine
1139 461 1370 500 morum
1385 442 1516 518 ejus
1534 441 1759 500 candor
1773 440 1948 500 simul
1965 462 2100 526 cum

128 524 353 588 mentis
375 523 650 581 acumine
665 522 948 601 aleretur,
962 533 1297 602 temporum
1314 531 1515 582 autem
1530 524 1949 602 depravationi
1963 545 2099 583 eum

132 626 210 665 eo
225 606 598 664 infestiorem
612 605 786 664 reddi
807 626 1059 666 necesse
1079 617 1259 680 esset,
1274 626 1392 686 quo
1406 607 1636 665 rariora
1647 608 1803 665 haec
1817 608 2099 686 exempla

129 690 200 747 in
227 696 399 746 tanta
442 689 740 748 scelerum
769 691 959 748 omnis
989 691 1232 766 generis
1261 690 1572 749 fertilitate
1604 689 1685 747 ad
1727 710 1862 749 eam
1895 691 2095 768 perfe-

132 781 273 831 ctae
299 779 358 830 et
376 771 690 831 absolutae
714 773 952 831 virtutis
974 774 1300 850 imaginem
1322 772 1615 832 accedere
1644 772 1899 846 videret,
1918 793 2098 852 quam

135 875 218 914 ex
253 852 461 914 Stoica
501 854 821 932 disciplina
850 855 1214 932 imbibisset3
1261 876 1456 935 eoque
1497 857 1625 915 solo
1668 865 1847 934 pacto
1899 857 2094 936 expli-

134 946 338 1010 catur,
373 938 668 1017 quomodo
702 938 1058 997 adolescens
1079 940 1210 1015 jam
1240 939 1320 998 ad
1358 948 1591 998 tantum
1628 940 1793 998 vitae
1838 960 2094 999 commu-

130 1023 229 1080 nis
272 1020 578 1080 fastidium
605 1023 927 1099 pervenire
956 1025 1250 1100 potuerit,
1290 1031 1357 1081 ut
1388 1024 1690 1102 poeticam
1723 1023 2094 1095 facultatem,

133 1123 296 1184 quae
330 1105 394 1162 in
424 1104 555 1182 ipso
594 1113 771 1176 esset,
805 1104 886 1163 ad
914 1106 1129 1165 satiras
1159 1108 1532 1186 potissimum
1563 1106 1943 1179 scribendas,
1979 1108 2096 1166 hoc

132 1196 229 1246 est
259 1186 339 1244 ad
366 1183 519 1245 illud
557 1189 761 1265 poesis
804 1208 996 1264 genus
1043 1191 1319 1249 conferre
1360 1191 1577 1262 vellet,
1622 1190 1811 1268 quod,
1854 1198 1920 1249 ut
1963 1190 2096 1268 ipse

130 1270 466 1349 profitetur,
499 1271 930 1347 indignationis
963 1273 1335 1333 evomendae
1364 1274 1556 1349 magis
1589 1293 1770 1351 quam
1800 1274 2096 1332 lectorum

133 1352 596 1411 alliciendorum
639 1374 822 1414 causa
868 1365 1305 1433 capesseretur.
1385 1356 1550 1433 *Ipse
1596 1356 1786 1428 enim,
1834 1357 1886 1414 si
1928 1356 2095 1414 vitae

130 1436 487 1513 scriptorem
514 1437 845 1517 sequimur,
876 1439 986 1511 fuit
1018 1458 1230 1496 morum
1273 1444 1666 1496 leni-§simorum
1681 1483 1698 1511 ,
1739 1442 2097 1498 verecundiae

22 1531 27 1538 ’
128 1523 432 1593 viryinaliS,
465 1523 686 1593 formae
707 1523 1009 1597 pulchrae,
1031 1527 1253 1595 pietatis
1279 1540 1422 1596 crya
1442 1529 1672 1579 matrem
1697 1530 1751 1580 et
1772 1539 2016 1581 Sororem
2046 1531 2099 1579 et

130 1607 355 1660 amitam
400 1606 653 1675 exemplo
691 1607 1041 1678 maffia-ieritis,
1085 1603 1251 1664 idem
1278 1608 1435 1680 fruyi
1471 1614 1524 1662 et
1554 1610 1819 1677 pudicus;
1857 1606 1960 1684 qui
1991 1605 2096 1664 ubi

130 1690 288 1746 circa
319 1687 425 1745 HS
447 1691 610 1743 vicies
636 1690 806 1743 macri
833 1697 886 1744 et
909 1693 1095 1746 sorori
1120 1693 1361 1763 reliquit,
1389 1693 1610 1762 scriptis
1635 1697 1838 1746 tantum
1871 1692 1948 1745 ad
1976 1709 2093 1746 ma-

130 1777 276 1827 trem
313 1772 571 1827 codicillis
612 1772 847 1842 Cornuto
887 1776 1097 1845 rogavit
1133 1780 1195 1830 ut
1234 1776 1394 1829 daret
1434 1777 1682 1829 sestertia
1700 1817 1714 1841 ,
1758 1781 1819 1829 ut
1855 1776 2096 1845 quidam,

131 1860 364 1922 centum,
379 1861 442 1909 ut
460 1857 558 1910 alii
576 1857 775 1924 volunt,
793 1860 1008 1929 argenti
1028 1858 1172 1930 facti
1182 1859 1439 1930 pondera
1453 1859 1649 1930 viyinti,
1673 1862 1725 1913 et
1750 1858 1915 1913 libros
1943 1860 2096 1913 circa

128 1940 494 2010 sepiinyentos
541 1939 838 2011 Chrysippi
865 1971 950 1981 —
977 1947 1066 1997 tot
1108 1940 1269 1997 enim
1306 1939 1468 1997 hunc
1517 1958 1737 1997 revera
1780 1939 2094 2016 scripsisse

128 2027 391 2078 testatur
428 2020 609 2078 etiam
642 2021 826 2097 Diog.
856 2021 931 2080 L.
966 2023 1108 2080 VII.
1146 2019 1266 2080 180
1294 2055 1379 2065 —
1406 2027 1516 2080 sive
1546 2025 1910 2080 bibliothecam
1938 2039 2096 2079 suam

22 2114 27 2137 ³
131 2120 374 2166 omnem,·
405 2120 593 2161 verum
631 2123 666 2160 a
712 2107 946 2163 Cornuto
994 2108 1219 2162 sublatis
1252 2108 1403 2163 libris
1432 2110 1755 2179 pecuniam,
1798 2108 2094 2176 sororibus,

129 2202 274 2259 quas
304 2188 492 2259 frater
518 2190 747 2246 heredes
770 2191 1016 2261 fecerat,
1043 2193 1273 2263 reliquit.
1332 2188 1431 2248 Ita
1462 2189 1718 2260 codiceS,
1754 2207 2003 2267 quorum
2031 2188 2097 2246 in

129 2267 396 2327 lectione
439 2269 490 2328 si
533 2269 679 2350 quid
720 2271 996 2345 offendit,
1044 2273 1353 2352 scriptoris
1388 2272 1797 2349 negligentiae
1828 2272 2091 2330 tribuen-

104 2350 278 2411 'dum
322 2371 455 2410 esse
496 2353 765 2427 videtui-3
814 2375 974 2413 nunc
1011 2355 1248 2424 demum
1286 2355 1607 2421 haud,scio
1643 2375 1723 2413 an
1764 2356 2091 2414 sententia-

130 2456 267 2496 rum
301 2434 446 2493 ordo
489 2438 772 2516 antiquus
807 2436 1082 2497 turbatus
1117 2439 1224 2511 sit,
1266 2459 1468 2518 neque
1507 2440 1709 2497 statim
1750 2438 1830 2496 ad
1869 2438 2095 2516 scripta

131 2519 335 2579 Persii
384 2521 691 2579 transilire
737 2519 848 2579 sed
887 2522 974 2578 ita
1019 2521 1189 2580 velut
1235 2522 1551 2580 transitum
1590 2523 1832 2580 munire
1869 2520 2090 2580 debea-
2185 2558 2190 2565 -

130 2621 295 2674 mus,
323 2609 391 2660 ut
436 2622 592 2681 quae
634 2604 819 2680 vulgo
864 2605 928 2662 in
960 2603 1081 2662 fine
1125 2604 1365 2663 demum
1405 2605 1712 2680 leguntur,
1743 2605 1862 2662 huc
1897 2594 2096 2663 tr‘ans-

131 2685 430 2744 feramus:
463 2690 692 2744 decessit
717 2692 1046 2760 autemsvitio
1086 2691 1352 2747 stomachi
1388 2707 1533 2746 anno
1577 2692 1768 2746 aetatis
1810 2692 2093 2758 tricesimu,

129 2769 411 2827 nimirum
430 2790 534 2829 -ex
588 2779 797 2830 vetere
849 2770 1237 2848 computandi
1284 2790 1481 2843 more,
1535 2791 1653 2850 quo
1713 2790 2095 2830 numerorum

22 2861 40 2891 ³
128 2852 376 2911 termini
449 2854 749 2933 utrimque
827 2861 1114 2933 tanquam
1190 2854 1414 2931 integri
1488 2853 2092 2933 comprehenduntur,

128 2935 253 2997 nisi
279 2936 433 2995 haec
480 2957 719 3016 quoque
770 2936 1146 2997 emendando
1178 2937 1258 2995 ad
1288 2939 1723 2996 accuratiorem
1762 2957 2091 3010 numerum,

135 3038 320 3097 quem
348 3040 531 3107 supra
560 3022 764 3098 posui,
795 3039 1085 3080 revocare
1117 3028 1408 3098 praestat.
1466 3021 1896 3080 Adolescentis
1928 3029 2093 3079 certe

130 3110 389 3161 mortem
459 3102 718 3162 describi
775 3105 1096 3185 sequentia
1156 3102 1405 3176 docent,
1467 3104 1572 3162 ubi
1639 3104 2090 3180 grammaticus:

129 3189 235 3243 sed
247 3228 261 3256 ‚
291 3186 515 3265 inquit,
547 3206 680 3245 mox
715 3197 776 3245 ut
812 3207 848 3244 a
887 3191 1074 3248 schola
1120 3197 1172 3245 et
1209 3191 1483 3260 magistris
1517 3191 1754 3257 divertit,
1788 3191 1921 3245 lecto
1958 3190 2100 3249 libro

131 3271 332 3328 Lucilii
367 3273 571 3341 decimo
598 3274 935 3330 vehementer
973 3275 1178 3328 satiras
1217 3288 1542 3344 componere
1569 3274 1795 3328 studuit.-
1832 3275 1998 3344 cujus
2026 3275 2093 3327 li-

132 3355 223 3411 bri
237 3358 576 3429 principium
605 3360 841 3414 imitatus
868 3363 951 3412 est
974 3386 1059 3399 ——-
1091 3354 1348 3414 fortasse
1392 3355 1455 3412 in
1492 3355 1682 3432 ipsius
1713 3354 1934 3412 satirae
1968 3352 2091 3430 pri-

22 3476 41 3493 „
131 3455 270 3495 mae
302 3438 570 3511 exordio,
604 3438 717 3497 etsi
744 3438 913 3496 illum
940 3456 1183 3497 versum
1205 3436 1550 3496 Scholiasta
1580 3436 1656 3495 de
1685 3436 1873 3514 primo
1891 3434 2091 3512 potius

130 3520 359 3581 Lucilii
398 3523 756 3582 translatum
796 3540 929 3580 esse
970 3520 1154 3580 tradit
1193 3555 1277 3566 -
1319 3523 1422 3579 sibi
1435 3524 1623 3595 primo
1639 3564 1653 3593 ,
1687 3537 1819 3576 mox
1850 3519 2093 3576 omnibus
