2409 3825
186 336 204 362 .
344 288 668 355 munitum
681 300 695 320 ¹
711 289 869 374 quin

650 86 657 94 .
824 91 831 97 ,
1196 64 1221 101 Χ

345 138 434 205 40
694 134 701 145 “
1033 153 1104 203 x·
1191 152 1385 203 mon.
1427 148 1479 199 5.
1521 133 1593 200 cs

916 289 1081 355 entis
1122 288 1188 354 lo
1288 289 1337 353 's
1375 287 1682 372 navibus,
1723 287 1944 354 decem
1982 289 2270 373 equitum

323 377 738 472 „centumque
773 308 1080 470 pedgitum·
1100 308 1362 437 milliffus
1375 421 1415 470 ².
1436 373 1762 470 profectus
1804 378 2271 471 oppugnatum,

348 457 523 542 quod
565 458 863 537 omnibus
905 456 1207 542 gentibus
1248 456 1621 522 admirabile
1676 460 1773 522 est
1811 478 2056 556 nsum,
2109 459 2276 525 adeo

347 541 539 607 facile
580 542 872 626 perculit,
916 545 991 605 ut
1031 545 1181 624 post
1222 540 1392 606 diem
1432 540 1716 622 tertium,
1759 562 1954 626 quam
1986 540 2276 609 Siciliam

350 627 671 712 attigerat,
717 625 1060 713 Syracusas
1101 626 1444 691 introierit.
1531 646 1611 690 ex
1653 647 1782 710 quo
1824 626 2011 691 intell
2101 628 2114 640 ‘
2159 647 2275 711 po·

348 714 478 776 test
527 710 780 775 nullum
833 730 970 775 esse
1017 710 1360 795 imperium
1410 713 1624 774 tutum
1663 710 1792 775 nisi
1832 711 2070 776 benivo
2099 711 2275 777 entia

286 809 324 859 4
352 795 691 861 munitum.
765 814 842 859 eo
883 797 1173 877 tempore
1217 795 1440 859 aberat
1466 793 1818 879 Dionysius
1861 798 1928 860 et
1969 795 2042 860 in
2081 794 2273 860 Italia

349 881 618 946 classem
660 877 1110 976 opperiebatur
1152 877 1678 962 adversariorum,
1727 882 1906 943 ratus
1946 880 2276 944 neminem

288 982 903 1113 ,izssssffirfffflmw
946 982 1060 1143 ἓξ,
1084 961 1181 1110 32¹2
1215 967 1716 1145 {mffi
1751 984 2108 1114 ἔξω
2125 984 2276 1145 fir

348 1135 499 1197 rant
524 1134 859 1216 potestate,
902 1151 1116 1214 regios
1144 1132 1407 1214 spiritus
1435 1131 1740 1216 repressit
1765 1135 2093 1231 totiusque
2136 1154 2280 1198 ems

347 1216 550 1300 partis
594 1214 849 1281 Siciliae
890 1215 1135 1299 potitus
1178 1218 1306 1301 est,
1395 1237 1515 1281 uae
1558 1216 1677 1281 sub
1718 1214 2020 1301 Dionysii
2060 1216 2277 1283 fuerat

349 1303 696 1385 potestate,
745 1299 1011 1384 parique
1052 1299 1246 1364 modo
1290 1237 1468 1365 ur‘liis
1511 1298 1967 1384 Syracusarum
2019 1306 2278 1384 praeter

290 1397 323 1447 6
353 1406 563 1451 arcem
606 1388 674 1449 et
693 1383 992 1448 -insulam
1019 1382 1387 1449 adiunctam
1430 1383 1690 1469 oppido,
1732 1406 1935 1469 eoque
1962 1407 2104 1450 rem
2135 1407 2281 1470 per·

351 1469 561 1553 duxit,
604 1472 680 1534 ut
717 1467 957 1533 talibus
1044 1468 1405 1534 actionibus
1444 1490 1668 1552 pacem
1707 1473 2022 1553 tyrannus
2062 1469 2280 1535 faeere

347 1554 576 1619 veHet:
642 1552 929 1618 Siciliam
1032 1552 1146 1617 ion
1189 1552 1536 1636 obtineret,
1588 1551 1847 1618 Italiam
1897 1553 2075 1619 Dion
2122 1555 2276 1639 sius,

350 1637 696 1788 ῗγῖαοῧεαε
715 1637 1180 1722 Apollocrates,
1211 1637 1316 1702 cui
1343 1636 1582 1702 manm'
1584 1658 1689 1702 am
1714 1638 1906 1721 fidem
1935 1637 2051 1703 uni
2168 1639 2276 1705 be-

397 1743 437 1788 a
468 1773 483 1787 .
605 1744 718 1788 1011
730 1747 857 1788 *unx*

275 1806 319 1872 6
518 1805 656 1872 Has
695 1810 831 1871 tam
871 1826 1212 1903 prosperas
1250 1809 1512 1890 tamque
1552 1806 1919 1891 inopinatas
1960 1828 2066 1872 res
2122 1829 2279 1874 con-

351 1894 570 1956 secuta
612 1894 710 1957 est
749 1890 963 1955 subita
1003 1890 1440 1974 commutatio,
1483 1891 1657 1975 quod
1696 1891 1962 1957 fortuna
1992 1914 2114 1957 sua
2140 1914 2278 1959 mo-

348 1975 601 2040 bilitate
613 2024 634 2060 ,
689 1996 880 2059 quem
921 1975 1116 2058 paulo
1161 1978 1312 2040 ante
1368 1976 1709 2059 extulerat,
1765 1976 2142 2074 demergere
2179 1981 2279 2044 cst

289 2073 324 2123 2
354 2059 598 2126 adorta.
669 2060 950 2144 primum
978 2059 1050 2123 in
1076 2059 1233 2144 filio,
1264 2058 1341 2123 de
1369 2080 1498 2143 quo
1529 2081 2024 2126 commemoravi
2057 2083 2279 2146 supra,

348 2165 532 2209 suam
581 2144 715 2208 vim
768 2143 1068 2209 exercuit.
1176 2165 1330 2208 nam
1382 2165 1529 2209 cum
1579 2166 1846 2211 uxorem
1897 2145 2230 2211 reduxisse

350 2249 516 2311 quae
558 2228 670 2291 alii
696 2227 910 2292 fuerat
949 2226 1217 2311 tradita,
1259 2228 1592 2313 filiumque
1634 2230 1830 2294 vellet
1861 2250 2165 2296 revocare

347 2312 656 2378 virtutem
698 2332 738 2375 a
777 2310 1037 2395 perdita,
1068 2311 1343 2396 luxuria,
1387 2312 1635 2397 accepit
1674 2313 2126 2399 gravissimum
2164 2336 2286 2400 pa-

288 2408 324 2458 3
353 2415 503 2461 rens
554 2394 790 2464 vulnus
842 2398 1049 2460 morte
1103 2396 1243 2461 filii.
1330 2396 1559 2463 deinde
1614 2402 1757 2463 orta
1810 2397 2122 2464 dissensio
2178 2403 2286 2467 est

351 2480 523 2545 inter
566 2501 713 2544 eum
755 2482 823 2544 et
848 2478 1254 2545 Heraclidem
1267 2530 1287 2564 ,
1331 2482 1475 2566 qui,
1521 2481 1694 2565 quod
1736 2483 1797 2548 ei
1838 2482 2285 2567 principatum

347 2585 486 2630 non
551 2563 966 2649 concedebat,
1028 2563 1381 2630 factionem
1444 2567 1858 2650 comparavit.
1950 2587 2165 2651 neque
2218 2568 2284 2634 is

285 2729 293 2734 ,
346 2649 563 2714 minus
590 2649 846 2714 valebat
865 2648 1035 2734 apud
1057 2650 1417 2734 optimateS,
1447 2671 1722 2735 quorum
1749 2671 2067 2717 consensu
2092 2672 2283 2736 prae-

347 2738 488 2799 erat
515 2733 721 2816 classi,
765 2754 910 2799 cum
963 2730 1140 2798 Dion
1192 2734 1540 2799 exercitum
1593 2734 1950 2820 pedestrem
2001 2739 2277 2802 teneret.

286 2829 324 2879 4
350 2838 488 2883 non
538 2818 692 2882 tulit
745 2819 866 2883 hoc
907 2817 1124 2883 animo
1167 2838 1375 2901 aequo
1416 2817 1626 2904 Dion,
1684 2823 1751 2884 et
1791 2841 2048 2889 versum
2086 2820 2280 2886 illum

347 2900 615 2968 Homeri
657 2902 912 2967 rettulit
951 2922 1029 2966 ex
1073 2902 1351 2968 secunda
1390 2902 1766 2988 rhapsodia,
1819 2905 1892 2969 in
1938 2925 2069 2989 quo
2110 2905 2279 2971 haec

346 2986 670 3052 sententia
723 2989 851 3050 est:
912 3006 1048 3051 non
1100 3005 1291 3070 posse
1345 2985 1512 3051 bene
1568 2988 1707 3072 geri
1760 3009 1898 3053 rem
1948 2988 2284 3072 publicam

343 3070 698 3135 multorum
738 3070 1043 3153 imperiis.
1116 3070 1290 3154 quod
1320 3069 1560 3136 dictum
1587 3092 1827 3159 magna
1851 3072 2095 3138 invidia
2122 3093 2282 3140 con·

348 3157 567 3216 secuta
630 3156 757 3217 est:
826 3174 1106 3237 namque
1159 3155 1483 3237 aperuisse
1533 3155 1872 3222 videbatur
1893 3155 2142 3223 *omnia
2201 3160 2278 3223 in

284 3242 321 3289 5
350 3251 466 3293 sua
505 3237 823 3314 potestate
865 3256 1001 3300 esse
1043 3236 1227 3302 velle.
1313 3237 1484 3302 hanc
1524 3239 1635 3303 ille
1675 3260 1814 3305 non
1854 3240 2055 3305 lenire
2092 3241 2283 3310 obse-

348 3312 501 3391 quio
514 3359 533 3394 ,
579 3315 692 3378 sed
730 3318 1077 3384 acerbitate
1131 3321 1492 3417 opprimere
1536 3322 1798 3412 studuit,
1841 3323 2282 3392 Heraclidem-

346 3412 492 3475 que,
537 3414 682 3459 cum
712 3396 1055 3481 Syracusas
1096 3408 1396 3491 venisset,
1439 3406 1959 3473 interficiundum
2002 3409 2279 3476 curavit.
