2409 3825
249 254 265 270 β
322 166 409 233 22
919 180 1015 229 vt.
1073 178 1461 229 asmona.
1506 174 1654 226 1-3.

325 318 564 401 elatus,
594 296 741 394 eum
765 319 973 381 'antea
1014 335 1265 399 semper
1304 313 1611 378 factiosus
1640 310 1974 397 audaxque
2003 311 2257 395 fuisset,

325 402 418 467 sic
460 400 584 466 sibi
623 399 920 482 indulsit,
974 403 1051 464 ut
1092 399 1229 463 eius
1269 417 1464 482 opera
1503 397 1576 462 in
1628 396 1977 461 maximum
2032 395 2259 461 odium

265 499 302 549 4
329 485 633 551 Graeciae
675 483 1164 549 Lacedaemonii
1200 481 1626 579 pervenerint.
1698 501 1852 545 nam
1894 501 2041 545 cum
2084 481 2260 544 hanc

328 591 586 636 causam
627 566 1115 633 Lacedaemonii
1159 565 1558 631 d1ctitassent
1605 564 1729 629 sibi
1771 585 1905 629 esse
1923 549 2106 628 ‘E‘elli
2117 613 2136 646 ,
2177 567 2261 628 ut

324 653 819 718 Atheniensium
876 650 1299 735 impotentem
1370 648 1871 714 dominationem
1942 646 2266 733 refringe«

329 741 494 820 rent,
537 741 878 821 postquam
922 734 1093 818 apud
1134 737 1352 819 Aegos
1395 733 1635 797 flumen
1663 731 1990 815 Lysander
2031 731 2260 797 classis

328 821 616 886 hostium
670 824 768 885 est
819 819 1093 904 potitus,
1147 818 1316 882 nihil
1359 816 1533 882 aliud
1584 816 1846 881 molitus
1885 819 2012 899 est,
2057 837 2263 900 quam

330 909 407 970 ut
448 925 670 970 omnes
713 904 1003 969 civitates
1044 904 1116 968 in
1159 924 1277 967 sua
1317 903 1566 966 teneret
1604 903 1952 986 potestate,
1989 920 2149 987 Q
2188 898 2266 963 id

270 1001 303 1053 5
331 1010 400 1055 se
441 987 1090 1085 Lacedaemoniorum
1146 1007 1337 1084 causa
1376 985 1586 1084 facere
1628 984 1973 1050 simularet.
2011 1008 2050 1081 f<
2065 998 2265 1048 ‘nam-

283 1136 291 1149 *
328 1071 846 1254 ἓῗοῖῇἓῗᾶᾶἓὲἒᾶι.
925 1068 2264 1252 ἓῖεςῒξὲξηιῗῃὲἑῗυξξξὲεοίῗὲξὺῗῗδξὲ

329 1242 453 1307 bus
480 1262 800 1304 summum
827 1261 1169 1323 imperium
1189 1241 1699 1324 potestatemque
1730 1257 2018 1301 ommum
2037 1257 2264 1301 rerum

331 1325 776 1391 committeret.
866 1323 1101 1388 horum
1153 1322 1225 1388 in
1266 1344 1605 1387 numerum
1645 1342 1835 1386 nemo
1859 1320 2264 1385 'admitteba-

260 1464 279 1471 -
330 1415 439 1474 tur
449 1459 468 1493 ,
524 1408 652 1474 nisi
704 1408 818 1493 qui
858 1408 983 1472 'aut
1037 1407 1172 1472 eius
1213 1406 1498 1490 hospitio
1543 1405 1977 1470 contineretur
2026 1407 2145 1470 aut
2186 1424 2264 1470 se

329 1493 503 1559 illius
545 1493 685 1558 fore
726 1491 1059 1576 proprium
1099 1491 1228 1556 fide
1268 1491 1693 1559 confirmarat.

257 1577 302 1643 2
500 1577 603 1643 Ita
654 1576 1058 1657 decemvirali
1121 1578 1440 1660 potestate
1502 1575 1576 1639 in
1641 1574 1936 1638 omnibus
1987 1572 2264 1638 urbibus

332 1662 683 1728 constituta
722 1661 923 1745 ipsius
972 1664 1138 1725 nutu
1193 1660 1412 1725 omnia
1449 1659 1851 1746 gerebantur.
1951 1658 2131 1722 cuius
2176 1656 2261 1722 de

331 1745 703 1811 crudelitate
768 1765 842 1809 ac
893 1743 1161 1828 perfidia
1213 1743 1369 1808 satis
1412 1747 1511 1808 est
1562 1764 1759 1808 unam
1797 1763 1936 1807 rem
1976 1762 2161 1807 exem
2205 1742 2264 1807 li

447 1830 542 1893 tia
581 1829 868 1915 proferre
881 1878 900 1913 ,
944 1850 1027 1893 ne
1070 1827 1148 1893 de
1191 1826 1417 1893 eodem
1443 1827 1632 1914 plura
1672 1828 2102 1892 enumerando
2148 1764 2261 1890 ἕθ-

271 1928 304 1976 2
363 1915 676 1999 atigemus
716 1915 1006 1979 lectores.
1077 1912 1287 1979 victor
1337 1934 1417 1978 ex
1444 1913 1603 1977 Asia
1639 1933 1788 1996 Q
1829 1914 2263 1978 reverteretur

330 1998 738 2082 Thasumque
769 1997 1156 2081 divertisset,
1201 1997 1376 2082 quod
1404 2017 1481 2061 ea
1508 1996 1731 2062 civitas
1758 1997 2100 2081 praecipua
2125 1995 2260 2061 fide

330 2082 544 2147 fuerat
572 2103 725 2168 erga
751 2081 1199 2165 Athenienses,
1242 2081 1513 2179 proinde
1555 2101 1629 2146 ac
1670 2082 1724 2145 si
1763 2102 1899 2145 non
1926 2082 2120 2145 iidem
2147 2080 2262 2146 fir·

330 2166 602 2232 missimi
643 2166 926 2231 solerent
964 2187 1101 2231 esse
1142 2165 1332 2230 amici
1342 2215 1361 2249 ,
1407 2166 1519 2250 qui
1572 2168 1936 2231 constantes
1978 2164 2262 2230 fuissent

273 2263 307 2312 3
336 2250 611 2334 inimici,
675 2253 1038 2334 pervertere
1105 2270 1249 2315 eam
1310 2250 1695 2334 concupivit.
1791 2248 1955 2314 vidit
2015 2252 2256 2332 autem,

334 2334 463 2399 nisi
492 2334 563 2398 in
597 2353 675 2399 eo
709 2334 1088 2400 occultasset
1125 2333 1553 2418 voluntatem,
1596 2333 1886 2399 futurum
1928 2337 2004 2398 ut
2031 2332 2259 2399 Thasii

336 2417 769 2483 dilaberentur
811 2417 1343 2503 consulerentque
1386 2419 1576 2483 rebus
1618 2418 1769 2483 suis.
1785 2468 1799 2483 .
1817 2468 1831 2482 .
1848 2467 1863 2483 .

261 2503 304 2570 3
502 2501 728 2586 Itaque
755 2501 829 2567 hi
858 2501 1341 2567 decemviralem
1372 2502 1569 2587 [illam
1622 2504 2006 2586 potestatem
2027 2503 2108 2569 ab
2136 2503 2256 2569 illo

333 2587 748 2653 constitutam
790 2586 1200 2654 sustulerunt.
1299 2607 1427 2683 quo
1482 2585 1564 2651 do
1592 2607 1701 2651 ore
1755 2587 2051 2651 incensus
2105 2587 2259 2653 iniit

333 2671 604 2737 consilia
643 2690 828 2756 reges
871 2669 1523 2736 Lacedaemomorum
1562 2669 1808 2736 tollere.
1881 2670 1991 2735 sed
2024 2673 2258 2736 sentie-

332 2757 446 2820 bat
487 2755 554 2820 id
595 2775 664 2820 se
715 2755 853 2819 sine
898 2775 1019 2839 ope
1062 2754 1326 2819 deorum
1368 2754 1577 2819 facere
1631 2776 1768 2820 non
1807 2775 2025 2839 posse,
2083 2755 2260 2840 quod

332 2838 822 2904 Lacedaemonii
877 2837 1095 2903 omnia
1135 2838 1219 2903 ad
1261 2838 1520 2903 oracula
1570 2838 1810 2904 referre
1851 2844 2256 2905 consuerant.

273 2936 306 2986 2
334 2924 616 3021 primum
665 2921 1053 3019 Delphicum
1106 2943 1511 3008 corrumpere
1578 2927 1674 2988 est
1724 2928 2011 3021 conatus.
2110 2945 2260 3010 qum

332 3008 400 3073 1d
441 3028 576 3072 non
617 3028 661 3090 p
706 3010 962 3090 trusset,
1017 3004 1361 3071 Dodonam
1403 3006 1662 3072 adortus
1706 3011 1818 3073 est.
1905 3008 2059 3072 hmc
2145 3029 2259 3074 uo·

377 3112 458 3153 ue
522 3110 635 3174 rep
716 3081 813 3155 ”iis
882 3089 1043 3154 dixit
1094 3111 1162 3154 se
1227 3094 1382 3155 vota
1444 3090 1824 3175 suscepisse,
1890 3112 2052 3176 quae
2149 3094 2258 3158 ovi

331 3112 682 3236 {tammoni
724 3174 1018 3257 solveret,
1062 3174 1433 3238 existimans
1476 3196 1543 3239 se
1585 3177 1783 3240 Afros
1825 3174 2079 3240 facilius
2121 3197 2257 3243 cor-

275 3264 308 3311 8
336 3255 692 3332 rupturum.
765 3255 888 3320 hac
929 3277 1042 3353 spe
1056 3340 1069 3354 ⁹
1074 3277 1230 3340 gum
1273 3257 1597 3355 profectus
1642 3262 1808 3324 esset
1848 3260 1919 3324 in
1947 3259 2255 3344 Africam,

333 3331 609 3396 multum
650 3356 797 3400 eum
851 3342 1169 3404 antlstltes
1210 3339 1385 3405 Iovis
1436 3340 1826 3408 fefellerunt.
1925 3364 2078 3408 nam
2120 3367 2256 3411 non

334 3411 543 3474 solum
582 3422 903 3502 corrumpi
954 3427 1100 3487 non⁴
1140 3427 1521 3509 potuerunt,
1583 3425 1696 3491 sed
1762 3426 1957 3492 etiam
2006 3427 2256 3516 legatos
