2409 3825
344 157 433 222 44
1163 162 1468 222 CATVLLI
2047 160 2287 232 [ann.

352 361 359 372 ,
560 324 813 390 ‘Sicine
855 346 958 389 me
1000 324 1227 408 patriis
1272 327 1589 406 avectam,
1632 324 1903 409 perfide,
1947 325 2034 389 ab
2082 323 2248 405 oris,

474 408 720 473 Perfide
731 458 750 491 ,
795 408 1044 472 deserto
1087 409 1335 491 liquisti
1377 409 1448 472 in
1490 410 1705 491 litore,
1751 408 2049 474 Theseu?

477 492 687 558 Sicine
733 492 1059 557 discedens
1102 493 1398 576 neglecto
1442 492 1703 556 numine
1748 492 1962 557 divom

350 588 448 640 135
471 575 794 641 Inmemor
836 598 875 641 a
883 624 904 658 ‚
947 576 1177 640 devota
1219 575 1479 639 domum
1566 575 1798 640 eriuria
1838 576 2114 660 portas?

473 660 754 727 Nullane
794 681 899 725 res
940 660 1153 743 potuit
1195 658 1467 724 crudelis
1557 662 1762 723 ectere
1803 662 2039 725 mentis

478 743 877 809 Consilium?
921 744 1043 809 tibi
1083 743 1264 807 nulla
1304 743 1429 808 fuit
1470 742 1808 808 clementia
1848 747 2142 828 praest0‚

474 827 709 893 Inmite
752 829 826 892 ut
864 827 1069 892 nostri
1112 827 1307 892 vellet
1347 828 1754 892 miserescere
1796 829 2063 911 pectus?

475 913 568 977 At
608 934 743 976 non
781 911 940 976 haec
983 910 1305 995 quondam
1346 911 1533 975 nobis
1575 911 1891 995 promissa
1933 912 2197 994 dedisti,

351 1009 451 1058 140
469 994 684 1061 Vane:
728 995 885 1059 mihi
924 1016 1061 1060 non
1106 994 1266 1060 haec
1306 996 1574 1059 miserae
1617 1016 1647 1060 s
1695 1016 1870 1061 erare
1915 996 2177 1060 iubebas
2188 1043 2210 1079 ,

477 1079 601 1145 Sed
646 1080 920 1144 conubia
961 1080 1159 1162 laeta,
1205 1078 1317 1143 sed
1360 1081 1616 1163 optatos
1647 1018 2081 1162 hymenaeos:

477 1164 653 1239 Quae
697 1166 926 1227 cuncta
968 1164 1122 1227 aerii
1166 1162 1535 1246 discerpunt
1576 1163 1757 1227 irrita
1796 1165 1989 1229 venti.

475 1237 613 1311 lam
654 1246 783 1311 iam
824 1248 1004 1310 nulla
1044 1247 1181 1311 viro
1225 1247 1464 1311 iuranti
1506 1247 1746 1311 femina
1788 1248 2032 1332 credat,

474 1330 674 1396 Nulla
713 1332 836 1395 viri
876 1333 1089 1415 speret
1129 1351 1456 1395 sermones
1500 1352 1637 1396 esse
1679 1330 1926 1416 fideles3

348 1427 449 1480 145
472 1417 629 1491 Quis
660 1416 811 1480 dum
840 1414 1081 1499 aliquid
1109 1415 1372 1499 cupiens
1401 1415 1649 1479 animus
1679 1417 2029 1501 praegestit
2059 1416 2278 1501 apisci,

474 1500 588 1564 Nil
630 1502 925 1564 metuunt
965 1500 1200 1581 iurare,
1245 1498 1409 1562 nihil
1451 1499 1823 1582 promittere
1865 1504 2165 1583 parcunt:

478 1583 604 1649 Sed
648 1584 913 1648 simulac
956 1583 1221 1666 cupidae
1265 1583 1499 1647 mentis
1544 1583 1776 1647 satiata
1849 1584 2109 1667 ‘bidost,

472 1666 665 1732 Dicta
705 1667 871 1731 nihil
910 1667 1256 1732 meminere
1269 1716 1288 1749 ,
1331 1667 1495 1730 nihil
1536 1668 1816 1749 periuria
1858 1672 2100 1732 curant.

421 1754 431 1763 '
480 1750 668 1817 Certe
714 1773 834 1837 ego
877 1755 943 1815 te
985 1751 1056 1815 in
1097 1750 1309 1815 medio
1352 1754 1711 1816 versantem
1753 1752 2009 1817 turbine
2054 1753 2166 1817 leti

350 1847 450 1897 150
469 1834 729 1921 Eripui‚
775 1838 841 1900 et
880 1836 1095 1920 potius
1138 1855 1513 1921 germanum
1557 1836 1850 1901 amittere
1894 1837 2093 1920 crevi,

475 1920 680 1996 Quam
722 1921 842 1985 tibi
884 1921 1097 1985 fallaci
1141 1941 1437 2004 supremo
1481 1920 1552 1984 in
1593 1923 1881 2004 tempore
1923 1920 2186 1986 dessem.

473 2004 600 2069 Pro
688 2026 771 2069 uo
818 2002 1220 2070 dilaceranda
1259 2004 1412 2068 feris
1456 2003 1655 2068 dabor
1699 2005 2081 2089 alitibusque
2361 1992 2364 2067 ἱ

475 2087 634 2153 Prae
680 2111 719 2152 a
728 2138 747 2172 ‚
791 2109 998 2172 neque
1040 2089 1277 2152 iniecta
1317 2089 1682 2152 tumulabor
1723 2093 1975 2154 mortua
2016 2093 2201 2154 terra.
2362 2080 2364 2137 ⁴

475 2172 801 2248 Quaenam
841 2176 908 2236 te
950 2173 1175 2258 genuit
1216 2172 1354 2236 sola
1398 2172 1515 2236 sub
1556 2194 1712 2257 rupe
1755 2173 2021 2238 leaena?
2363 2196 2364 2211 ¹

349 2269 446 2320 155
470 2256 654 2331 Quod
696 2277 872 2320 mare
916 2259 1296 2339 conceptum
1325 2257 1767 2340 spumantibus
1796 2258 2015 2341 expuit
2041 2256 2273 2321 undis?

476 2341 653 2415 Quae
698 2339 933 2423 Syrtis,
979 2361 1139 2424 quae
1170 2339 1386 2423 Scylla
1426 2362 1625 2424 rapax
1634 2391 1676 2488 ἰ)
1679 2361 1859 2489 dquge
1901 2344 2082 2406 vasta
2110 2340 2270 2408 Cha-
2361 2378 2362 2385 1

1721 2447 1776 2489 1s

472 2508 656 2573 Talia
697 2509 806 2593 qui
846 2507 1059 2573 reddis
1100 2530 1218 2592 pro
1265 2507 1433 2574 dulci
1476 2446 1761 2591 pra-{mia
1802 2509 1952 2574 vita.
2360 2490 2362 2543 ⁴

473 2592 545 2658 Si
583 2593 706 2658 tibi
748 2614 882 2657 non
926 2593 1102 2659 cordi
1143 2594 1399 2657 fuerant
1440 2593 1714 2657 conubia
1756 2596 2009 2676 nostra,
2355 2628 2360 2689 1

473 2676 675 2742 Saeva
718 2677 890 2761 quod
929 2676 1237 2743 horrebas
1279 2676 1475 2760 prisci
1517 2680 1856 2761 praecepta
1897 2677 2210 2761 parentis,

348 2774 447 2824 160
467 2762 559 2825 At
599 2763 816 2825 tamen
857 2761 926 2824 in
968 2763 1218 2826 vostras
1261 2760 1529 2844 potuisti
1572 2760 1799 2826 ducere
1843 2760 2052 2844 sedes,
2358 2766 2360 2877 J

472 2846 647 2920 Quae
688 2844 809 2909 tibi
850 2844 1124 2909 iocundo
1168 2844 1509 2909 famularer
1552 2865 1732 2909 serva
1773 2844 2021 2928 labore,

472 2928 761 2995 Candida
803 2928 1202 3013 permulcens
1247 2928 1507 3012 liquidis
1549 2928 1825 3013 vestigia
1866 2928 2142 3013 lymphis
2355 2896 2358 2989 l

468 3013 872 3097 Purpureave
914 3019 1096 3077 tuum
1139 3015 1553 3078 consternens
1595 3015 1770 3077 veste
1815 3013 2042 3077 cubile.

468 3096 597 3161 Sed
640 3096 793 3180 quid
835 3117 956 3181 ego
999 3097 1242 3181 ignaris
1277 3096 1662 3180 nequiquam
1702 3116 2058 3180 conqueror
2085 3097 2264 3183 auris,

346 3191 444 3240 165
465 3178 819 3242 Externata
860 3178 1030 3243 malo
1042 3228 1060 3261 ,
1107 3201 1268 3263 quae
1309 3180 1504 3244 nullis
1548 3180 1838 3244 sensibus
1884 3185 2104 3246 auctae
2356 3178 2358 3211 ⁴

470 3259 609 3321 Nec
650 3260 881 3324 missas
925 3262 1140 3326 audire
1184 3265 1427 3346 queunt
1467 3283 1589 3327 nec
1628 3263 1892 3329 reddere
1934 3264 2161 3330 voces?

471 3338 592 3400 Ille
636 3344 848 3405 autem
890 3365 1089 3427 prope
1131 3346 1262 3409 iam
1303 3345 1530 3410 mediis
1573 3349 1858 3412 versatur
1898 3348 1972 3412 in
2013 3348 2222 3433 undis,

469 3418 535 3482 N
537 3440 609 3482 ec
653 3423 986 3511 quisquam
1029 3427 1292 3515 adparet
1333 3450 1533 3496 vacua
1572 3431 1864 3497 mortalis
1905 3431 1979 3497 in
2021 3432 2180 3518 alga.
