2409 3825
214 165 222 172 '
329 154 448 217 190
1281 151 1357 212 VI

490 321 771 400 principio
796 329 1002 380 terram
1025 318 1113 380 sol
1141 321 1412 397 excoquit
1436 329 1495 379 et
1524 319 1659 380 facit
1680 338 1776 379 are
1793 366 1814 398 ‚

490 414 548 463 at-
570 403 814 482 glaciem
837 402 1095 463 dissolvit
1117 412 1176 462 et
1202 401 1330 463 altis
1353 403 1634 463 montibus
1659 404 1799 464 altas

492 495 895 565 extructasque
919 488 1081 546 nives
1104 486 1273 546 radiis
1296 485 1600 546 tabescere
1629 490 1813 564 cogit:

363 580 466 635 965
491 571 735 647 denique
766 588 899 630 cera
920 569 1142 648 liquefit
1167 571 1225 627 in
1248 571 1371 630 eius
1395 578 1563 648 posta
1582 588 1816 648 vapore.

489 656 654 730 ignes
674 656 810 712 item
835 652 1105 732 liquidum
1128 652 1263 712 facit
1285 671 1385 713 aes
1409 671 1715 731 aurumque
1739 654 2016 734 resolvit,

489 748 544 796 at
568 738 722 796 coria
745 747 804 797 et
828 754 1053 796 carnem
1075 734 1242 796 trahit
1266 745 1323 795 et
1349 736 1614 796 conducit
1635 739 1691 796 in
1714 756 1899 797 unum.

490 838 652 879 umor
674 838 854 898 aquae
880 837 1053 898 porro
1076 819 1288 878 ferrum
1312 820 1585 879 condurat
1607 820 1678 880 ab
1702 823 1852 899 igni,

490 914 544 964 at
570 905 724 963 coria
752 912 812 963 et
835 921 1059 963 carnem
1081 902 1262 963 mollit
1291 903 1483 963 durata
1509 902 1719 963 calore.

361 996 466 1050 970
489 988 817 1065 barbigeras
840 986 1091 1047 oleaster
1118 1005 1191 1047 eo
1215 990 1363 1045 iuvat
1386 1006 1569 1065 usque
1594 987 1844 1066 capellas
1862 1036 1878 1066 ‚

490 1071 685 1131 effluat
711 1071 1028 1130 ambrosiae
1054 1073 1213 1149 quasi
1234 1089 1373 1130 vere
1396 1079 1453 1130 et
1483 1072 1716 1131 nectari’
1742 1072 1977 1143 linctus3

490 1172 599 1232 qua
625 1153 703 1212 nil
727 1163 817 1214 est
840 1153 1048 1213 homini
1072 1154 1224 1232 quod
1246 1156 1473 1214 amariu’
1496 1154 1757 1215 frondeat
1780 1176 1932 1217 esca.

491 1239 736 1316 denique
761 1239 1129 1298 amaracinum
1155 1237 1357 1316 fugitat
1383 1256 1481 1298 sus
1509 1248 1566 1297 et
1596 1241 1757 1300 timet
1779 1257 1942 1301 omne

490 1330 826 1398 ungentum:
849 1339 975 1381 nam
999 1323 1301 1399 saetigeris
1328 1322 1505 1382 subus
1528 1340 1661 1382 acre
1684 1336 2058 1393 venenumst;

357 1414 458 1467 975
483 1403 636 1483 quod
660 1422 765 1464 nos
788 1404 1066 1465 interdum
1091 1415 1369 1483 tamquam
1389 1421 1656 1466 recreare
1679 1407 1917 1467 videtur.

488 1499 544 1549 at
568 1498 764 1549 contra
784 1489 950 1548 nohis
975 1507 1211 1548 caenum
1230 1491 1550 1548 taeterrima
1576 1508 1702 1549 cum
1729 1494 1802 1551 sit

492 1573 796 1651 spurcities
811 1618 829 1649 ‚
854 1573 1052 1632 eadem
1076 1573 1252 1633 subus
1281 1572 1426 1632 haec
1446 1572 1688 1633 iucunda
1707 1574 1927 1636 videtur
1943 1624 1959 1654 ‚

412 1726 415 1729 Α
488 1655 880 1716 insatiabiliter
900 1658 1002 1716 toti
1028 1666 1087 1716 ut
1109 1655 1409 1716 volvantur
1432 1656 1657 1716 ibidem.

572 1739 698 1800 Hoc
712 1742 889 1800 'etiam
911 1749 1211 1818 superest,
1237 1742 1361 1818 ipsa
1387 1758 1551 1818 quam
1574 1740 1768 1801 dicere
1789 1741 1861 1802 de
1884 1761 1948 1802 re

361 1831 465 1885 980
491 1822 797 1901 adgredior
818 1823 971 1903 quod
991 1823 1293 1885 dicendum
1312 1826 1469 1902 prius
1494 1843 1627 1884 esse
1650 1825 1889 1885 videtur.

488 1907 660 1967 multa
681 1906 950 1968 foramina
974 1927 1100 1968 cum
1122 1910 1296 1969 variis
1320 1909 1431 1969 sint
1454 1907 1670 1969 reddita
1692 1909 1863 1970 rebus
1881 1956 1898 1987 ‚

491 1990 747 2051 dissimili
776 1994 922 2051 inter
945 2011 1010 2052 se
1035 2002 1230 2053 natura
1259 1992 1512 2071 praedita
1537 1991 1748 2052 debent

492 2094 627 2135 esse
651 2085 710 2136 ct
732 2075 946 2136 habere
973 2094 1131 2136 suam
1152 2086 1401 2136 naturam
1429 2094 1688 2155 quaeque
1710 2078 1965 2155 viasque.

490 2161 702 2238 quippe
728 2162 937 2219 etenim
956 2162 1094 2219 varii
1118 2179 1324 2221 sensus
1350 2160 1717 2220 animantibus
1743 2163 1957 2238 insunt,

359 2250 461 2304 985
486 2260 724 2320 quorum
747 2246 988 2322 quisque
1013 2262 1169 2305 suam
1190 2246 1421 2323 proprie
1443 2261 1565 2303 rem
1587 2247 1832 2323 percipit
1853 2247 1909 2303 in
1933 2265 2000 2304 se
2016 2267 2036 2280 ·

487 2344 613 2385 nam
636 2336 939 2403 penetrare
962 2326 1073 2387 alio
1099 2330 1317 2388 sonitus
1342 2326 1570 2405 alioque
1596 2345 1856 2406 saporem

490 2411 771 2470 cernimus
796 2430 828 2470 e
852 2413 1040 2488 suciS,
1069 2412 1180 2471 alio
1202 2411 1414 2471 nidoris
1440 2411 1667 2472 odores.

489 2502 788 2571 praeterea
808 2512 1034 2555 manare
1066 2495 1216 2555 aliud
1240 2514 1346 2575 per
1365 2512 1499 2555 saxa
1519 2495 1743 2555 videtur
1756 2541 1774 2571 ,

486 2586 659 2655 atque
682 2577 832 2637 aliud
854 2577 1024 2656 lignis
1042 2624 1060 2656 ‚
1086 2577 1236 2638 aliud
1258 2581 1496 2639 transire
1519 2597 1627 2657 per
1647 2596 1839 2638 aurum
1855 2624 1873 2656 ,

359 2668 464 2723 990
484 2670 842 2740 argentoque
866 2662 1019 2722 foras
1043 2661 1192 2722 aliud
1215 2666 1474 2741 vitroque
1497 2681 1720 2723 meare:

486 2762 612 2803 nam
635 2744 812 2805 fluere
837 2745 943 2805 hac
969 2748 1202 2825 species
1219 2792 1235 2823 ,
1262 2745 1396 2807 illac
1418 2746 1574 2807 calor
1594 2748 1679 2806 ire
1699 2746 1923 2806 videtur
1939 2792 1956 2822 ‚

485 2839 655 2906 atque
677 2827 801 2889 aliis
823 2828 959 2889 aliut
983 2831 1148 2890 citius
1170 2832 1548 2892 transmittere
1573 2829 1788 2890 eadem.

486 2912 745 2989 scilicet,
768 2912 825 2972 id
849 2914 970 2973 fieri
996 2915 1152 2991 cogit
1174 2924 1367 2974 natura
1389 2916 1600 2974 viarum

487 2995 828 3058 multimodis
850 2999 1071 3057 varians
1091 3042 1108 3075 ‚
1135 3007 1195 3058 ut
1216 2997 1387 3076 paulo
1409 2997 1758 3058 ostendimus
1780 3006 1908 3057 ante
1927 3043 1945 3074 ,

359 3085 461 3140 995
489 3090 727 3159 propter
749 3080 1080 3141 dissimilem
1101 3090 1351 3141 naturam
1373 3091 1642 3160 textaque
1666 3099 1873 3140 rerum.

569 3162 965 3243 Quapropter,
991 3164 1140 3225 bene
1166 3165 1261 3224 ubi
1283 3165 1428 3226 haec
1453 3166 1775 3225 confirmata
1799 3175 1974 3243 atque
1994 3164 2195 3228 locata

487 3248 667 3305 omnia
691 3249 1046 3308 constiterint
1067 3249 1233 3308 nobis
1260 3259 1565 3327 praeposta
1583 3259 1777 3327 parata
1792 3294 1810 3326 ,

486 3328 636 3402 quod
660 3340 958 3408 superest,
987 3330 1158 3392 facile
1185 3331 1317 3391 hinc
1340 3336 1481 3393 ratio
1501 3332 1775 3393 reddetur
1790 3378 1808 3410 ,
1831 3342 1892 3393 et
1915 3334 2096 3393 omnis

486 3426 652 3468 causa
676 3414 937 3490 patefiet,
965 3433 1109 3491 quae
1133 3414 1270 3474 ferri
1295 3416 1550 3493 pelliciat
1570 3418 1701 3475 vim.
