2409 3825
306 260 313 267 .
364 142 480 240 22ι
1189 179 1497 236 CATVLLI
1980 180 2305 254 [xxm

493 342 629 408 Ten
671 342 999 440 provincia
1041 345 1260 407 narrat
1301 363 1439 407 esse
1480 341 1783 407 bellam?
2391 320 2394 459 Α

491 426 729 491 Tecum
771 426 1003 491 Lesb1a
1042 431 1267 492 nostra
1310 426 1737 510 conparatur?
2392 498 2393 501 Ἴ

493 510 549 576 Ο
594 512 871 576 saeclum
913 511 1237 595 insapiens
1282 514 1348 574 et
1389 510 1761 576 infacetum!
1800 568 1803 569 γ
2388 518 2394 757 Χ

1104 722 1541 800 XXXXIIII.

493 848 548 914 Ο
593 848 788 913 funde
830 850 1050 913 noster
1093 869 1207 913 seu
1251 847 1488 913 Sabine
1530 869 1642 913 seu
1684 847 1913 912 Tiburs
1924 896 1944 930 ‚
2392 874 2393 933 3

460 932 587 1019 (Ν
589 955 691 997 am
734 936 799 997 te
841 952 979 996 esse
1007 932 1727 1016 Tibufiemautumant,
1773 931 2006 1016 quibus
2036 953 2180 998 non
2207 935 2310 998 est

369 1036 374 1037 ⁷
492 1016 688 1082 Cordi
730 1014 1051 1086 Catullum
1092 1000 1376 1081 lasedere:
1422 1018 1490 1080 at
1531 1016 1759 1100 quibus
1803 1016 2076 1098 coi-dist,

490 1100 729 1176 Quovls
774 1100 1081 1166 Sabinum
1123 1101 1394 1186 pignore
1439 1122 1577 1165 esse
1620 1100 2049 1186 contendunt)

394 1198 427 1248 5
491 1184 616 1251 Sed
659 1206 772 1248 seu
814 1184 1049 1249 Sabine
1093 1185 1226 1249 sive
1267 1185 1477 1249 verius
1521 1184 1749 1248 Tiburs
1759 1185 1813 1267 ,²

490 1269 610 1347 Q
652 1268 929 1333 libenter
971 1269 1040 1332 in
1075 1273 1194 1333 tua
1236 1269 1599 1333 suburbana

488 1352 667 1418 Villa
706 1353 1065 1437 malamque
1107 1356 1365 1436 pectore
1407 1353 1621 1437 expuli
1661 1352 1922 1435 tussim,

488 1437 643 1519 Non
684 1438 1023 1505 inmerenti
1066 1459 1256 1521 quam
1303 1436 1464 1500 mihi
1506 1458 1684 1501 meus
1726 1438 1978 1520 venter,

489 1520 664 1586 Dum
707 1525 1107 1606 sumptuosas
1151 1521 1412 1605 adpeti),
1457 1520 1659 1603 dedit,
1705 1536 1912 1584 cenae.

368 1620 437 1668 10
492 1605 693 1690 Nam,
738 1605 1065 1672 Sestianus
1109 1605 1261 1669 dum
1303 1605 1450 1669 volo
1494 1626 1633 1669 esse
1676 1604 1975 1687 conviva,

492 1690 862 1755 Orationem
904 1691 974 1754 in
1015 1689 1287 1754 Antium
1326 1689 1665 1786 petitorem

488 1773 756 1839 Plenam
797 1773 1026 1838 veneni
1070 1777 1135 1838 et
1175 1774 1578 1857 pestilentiae
1621 1772 1770 1858 legi.

487 1857 615 1923 Hic
657 1880 759 1923 me
800 1859 1063 1945 gravido
1106 1857 1344 1944 frigida
1387 1861 1454 1923 et
1493 1858 1789 1942 frequens
1830 1856 2028 1922 tussis

492 1942 831 2017 Quassavit
871 1964 1069 2027 usque
1113 1943 1263 2007 dum
1305 1944 1375 2006 in
1416 1946 1598 2008 tuum
1643 1942 1853 2007 sinum
1894 1942 2038 2027 fugi

366 2039 428 2089 15
485 2026 575 2091 Et
615 2049 717 2092 me
759 2028 1043 2092 recuravi
1087 2027 1344 2110 otioque
1387 2030 1453 2091 et
1490 2027 1715 2091 urtica.

492 2110 698 2187 Quare
740 2113 1010 2177 refectus
1053 2112 1361 2176 maximas
1401 2110 1522 2175 tibi
1564 2113 1777 2196 grates

487 2197 666 2280 Ago,
713 2217 925 2259 meum
969 2195 1138 2279 quod
1179 2216 1316 2259 non
1358 2217 1424 2259 es
1467 2194 1604 2259 ulta
1644 2196 2000 2279 peecatum.

486 2277 553 2344 N
556 2300 628 2343 ec
670 2280 975 2364 deprecor
1016 2280 1182 2364 iam,
1228 2279 1285 2343 si
1327 2278 1574 2343 nefaria
1617 2279 1854 2362 scripta

489 2361 658 2427 Sesti
700 2384 991 2447 re‘cepsQ
1037 2364 1194 2447 quin
1235 2363 1634 2448 gravidinem
1678 2366 1743 2427 et
1780 2362 2014 2426 tussim
2392 2401 2393 2408 κ

361 2461 430 2511 20
484 2445 638 2511 Non
680 2448 801 2533 mi,
847 2447 958 2512 sed
1000 2448 1148 2532 ipsis
1170 2447 1379 2513 Sestio
1422 2447 1589 2511 ferat
1628 2446 1864 2543 frig-ue,

488 2528 611 2605 Qui
652 2535 790 2597 tum
831 2534 1018 2597 vocat
1059 2554 1191 2611 me,
1237 2553 1382 2597 cum
1424 2529 1664 2594 malum
1704 2530 1936 2595 librum
1980 2528 2138 2615 legi.

1138 2743 1499 2819 XXXXV.

484 2870 736 2935 Acmen
780 2869 1143 2954 Septumius
1187 2889 1336 2932 suos
1381 2888 1628 2931 amores

486 2954 739 3019 Tenens
781 2956 853 3019 in
893 2954 1139 3039 gremio
1186 2959 1394 3017 ‘mea’
1438 2951 1652 3035 inquit
1694 2950 1963 3035 ‘Acme,

483 3038 576 3103 Ni
616 3041 681 3103 te
722 3037 969 3122 perdite
1014 3058 1155 3102 amo
1200 3040 1389 3120 atque
1434 3057 1647 3100 amare
1688 3055 1881 3119 porro

487 3121 725 3188 Omnes
770 3144 912 3186 sum
954 3121 1214 3186 adsidue
1257 3122 1517 3205 paratus
1561 3139 1762 3183 annos

386 3216 419 3262 5
485 3203 807 3276 Quantum
850 3205 957 3287 qui
999 3207 1150 3287 pote
1191 3203 1536 3287 plurimum
1577 3203 1813 3286 perire,

487 3283 674 3347 Solus
716 3286 788 3349 in
828 3286 1031 3369 Libya
1072 3286 1334 3352 Indiave
1375 3290 1548 3351 tosta

485 3362 709 3428 Caesio
752 3369 1004 3432 veniam
1047 3369 1272 3434 obvius
1315 3370 1534 3434 leoni.’

484 3441 628 3506 Hoc
669 3449 743 3509 ut
785 3449 974 3532 dixit,
1019 3452 1248 3536 Amor,
1295 3454 1554 3517 sinistra
1594 3455 1669 3517 ut
1711 3456 1891 3538 ante,
