<?xml version="1.0" encoding="UTF-8"?>
<!DOCTYPE html PUBLIC "-//W3C//DTD XHTML 1.0 Transitional//EN"
    "http://www.w3.org/TR/xhtml1/DTD/xhtml1-transitional.dtd">
<html xmlns="http://www.w3.org/1999/xhtml" xml:lang="en" lang="en">
 <head>
  <title>
</title>
<meta http-equiv="Content-Type" content="text/html;charset=utf-8" />
  <meta name='ocr-system' content='tesseract 3.04.00' />
  <meta name='ocr-capabilities' content='ocr_page ocr_carea ocr_par ocr_line ocrx_word'/>
</head>
<body>
  <div class='ocr_page' id='page_1' title='image "./tlucreticarider01unkngoog_0027.png"; bbox 0 0 2409 3825; ppageno 0'>
   <div class='ocr_carea' id='block_1_1' title="bbox 1137 197 1165 259">
    <p class='ocr_par' dir='ltr' id='par_1_1' title="bbox 1137 197 1165 259">
     <span class='ocr_line' id='line_1_1' title="bbox 1137 197 1165 259; baseline 0 0"><span class='ocrx_word' id='word_1_1' title='bbox 1137 197 1165 259; x_wconf 93' lang='lat'>1</span> 
     </span>
    </p>
   </div>
   <div class='ocr_carea' id='block_1_2' title="bbox 181 362 1950 3542">
    <p class='ocr_par' dir='ltr' id='par_1_2' title="bbox 181 362 1875 777">
     <span class='ocr_line' id='line_1_2' title="bbox 181 362 1875 449; baseline -0.003 -19"><span class='ocrx_word' id='word_1_2' title='bbox 181 376 302 430; x_wconf 79' lang='lat'><strong>215</strong></span> <span class='ocrx_word' id='word_1_3' title='bbox 417 365 546 428; x_wconf 81' lang='lat' dir='ltr'><strong>Huc</strong></span> <span class='ocrx_word' id='word_1_4' title='bbox 567 362 799 431; x_wconf 53' lang='lat' dir='ltr'><strong>aceo&amp;</strong></span> <span class='ocrx_word' id='word_1_5' title='bbox 816 363 906 449; x_wconf 80' lang='lat' dir='ltr'><strong>uti</strong></span> <span class='ocrx_word' id='word_1_6' title='bbox 917 363 1169 444; x_wconf 72' lang='lat' dir='ltr'><strong>quicque</strong></span> <span class='ocrx_word' id='word_1_7' title='bbox 1188 362 1248 423; x_wconf 82' lang='lat' dir='ltr'><strong>iu</strong></span> <span class='ocrx_word' id='word_1_8' title='bbox 1269 378 1373 424; x_wconf 76' lang='lat' dir='ltr'><strong>sua</strong></span> <span class='ocrx_word' id='word_1_9' title='bbox 1396 377 1639 441; x_wconf 78' lang='lat' dir='ltr'><strong>corpora</strong></span> <span class='ocrx_word' id='word_1_10' title='bbox 1658 379 1875 430; x_wconf 79' lang='lat' dir='ltr'><strong>rursum</strong></span> 
     </span>
     <span class='ocr_line' id='line_1_3' title="bbox 328 444 1768 527; baseline -0.002 -16"><span class='ocrx_word' id='word_1_11' title='bbox 328 448 609 513; x_wconf 65' lang='lat' dir='ltr'><strong>dissoluu</strong></span> <span class='ocrx_word' id='word_1_12' title='bbox 621 456 819 514; x_wconf 62' lang='lat' dir='ltr'><strong>uun</strong></span> <span class='ocrx_word' id='word_1_13' title='bbox 836 464 1029 527; x_wconf 60' lang='lat' dir='ltr'><strong>neme</strong></span> <span class='ocrx_word' id='word_1_14' title='bbox 1047 445 1121 512; x_wconf 68' lang='lat' dir='ltr'><strong>ad</strong></span> <span class='ocrx_word' id='word_1_15' title='bbox 1140 444 1316 507; x_wconf 83' lang='lat' dir='ltr'><strong>nilum</strong></span> <span class='ocrx_word' id='word_1_16' title='bbox 1335 446 1634 514; x_wconf 60' lang='lat' dir='ltr'><strong>interam</strong></span> <span class='ocrx_word' id='word_1_17' title='bbox 1655 463 1768 510; x_wconf 84' lang='lat' dir='ltr'><strong>res.</strong></span> 
     </span>
     <span class='ocr_line' id='line_1_4' title="bbox 331 528 1742 613; baseline -0.003 -18"><span class='ocrx_word' id='word_1_18' title='bbox 331 552 459 595; x_wconf 78' lang='lat' dir='ltr'><strong>nam</strong></span> <span class='ocrx_word' id='word_1_19' title='bbox 479 531 667 613; x_wconf 74' lang='lat' dir='ltr'><strong>siquid</strong></span> <span class='ocrx_word' id='word_1_20' title='bbox 687 528 929 597; x_wconf 71' lang='lat' dir='ltr'><strong>mortale-</strong></span> <span class='ocrx_word' id='word_1_21' title='bbox 948 548 987 594; x_wconf 83' lang='lat' dir='ltr'><strong>e</strong></span> <span class='ocrx_word' id='word_1_22' title='bbox 1014 530 1240 596; x_wconf 63' lang='lat' dir='ltr'><strong>cunctis</strong></span> <span class='ocrx_word' id='word_1_23' title='bbox 1259 529 1515 609; x_wconf 75' lang='lat' dir='ltr'><strong>partibus</strong></span> <span class='ocrx_word' id='word_1_24' title='bbox 1535 541 1742 611; x_wconf 60' lang='lat' dir='ltr'><strong>esset,</strong></span> 
     </span>
     <span class='ocr_line' id='line_1_5' title="bbox 331 613 1773 695; baseline -0.003 -16"><span class='ocrx_word' id='word_1_25' title='bbox 331 636 407 679; x_wconf 82' lang='lat' dir='ltr'><strong>ex</strong></span> <span class='ocrx_word' id='word_1_26' title='bbox 425 615 737 682; x_wconf 52' lang='lat' dir='ltr'><strong>ueniam</strong></span> <span class='ocrx_word' id='word_1_27' title='bbox 751 631 1013 695; x_wconf 61' lang='lat' dir='ltr'><strong>meque</strong></span> <span class='ocrx_word' id='word_1_28' title='bbox 1037 622 1282 695; x_wconf 84' lang='lat' dir='ltr'><strong>repente</strong></span> <span class='ocrx_word' id='word_1_29' title='bbox 1305 621 1510 693; x_wconf 79' lang='lat' dir='ltr'><strong>erepta</strong></span> <span class='ocrx_word' id='word_1_30' title='bbox 1533 613 1773 693; x_wconf 85' lang='lat' dir='ltr'><strong>periret:</strong></span> 
     </span>
     <span class='ocr_line' id='line_1_6' title="bbox 331 696 1717 777; baseline 0.002 -16"><span class='ocrx_word' id='word_1_31' title='bbox 331 699 482 761; x_wconf 83' lang='lat' dir='ltr'><strong>nulla</strong></span> <span class='ocrx_word' id='word_1_32' title='bbox 504 701 563 760; x_wconf 83' lang='lat' dir='ltr'><strong>vi</strong></span> <span class='ocrx_word' id='word_1_33' title='bbox 581 698 734 762; x_wconf 77' lang='lat' dir='ltr'><strong>foret</strong></span> <span class='ocrx_word' id='word_1_34' title='bbox 754 716 893 766; x_wconf 69' lang='lat' dir='ltr'><strong>usus,</strong></span> <span class='ocrx_word' id='word_1_35' title='bbox 925 698 1111 775; x_wconf 78' lang='lat' dir='ltr'><strong>enim,</strong></span> <span class='ocrx_word' id='word_1_36' title='bbox 1139 714 1292 777; x_wconf 77' lang='lat' dir='ltr'><strong>quae</strong></span> <span class='ocrx_word' id='word_1_37' title='bbox 1318 696 1574 775; x_wconf 76' lang='lat' dir='ltr'><strong>partibus</strong></span> <span class='ocrx_word' id='word_1_38' title='bbox 1591 698 1717 764; x_wconf 84' lang='lat' dir='ltr'><strong>eius</strong></span> 
     </span>
    </p>

    <p class='ocr_par' dir='ltr' id='par_1_3' title="bbox 191 778 1950 1198">
     <span class='ocr_line' id='line_1_7' title="bbox 191 778 1717 865; baseline -0.005 -17"><span class='ocrx_word' id='word_1_39' title='bbox 191 794 307 848; x_wconf 75' lang='lat'><strong>22⁰</strong></span> <span class='ocrx_word' id='word_1_40' title='bbox 333 784 629 865; x_wconf 73' lang='lat' dir='ltr'>discidium</span> <span class='ocrx_word' id='word_1_41' title='bbox 649 799 857 863; x_wconf 70' lang='lat' dir='ltr'><strong>parere</strong></span> <span class='ocrx_word' id='word_1_42' title='bbox 883 790 944 848; x_wconf 72' lang='lat' dir='ltr'><strong>et</strong></span> <span class='ocrx_word' id='word_1_43' title='bbox 965 799 1146 851; x_wconf 65' lang='lat' dir='ltr'><strong>nens</strong></span> <span class='ocrx_word' id='word_1_44' title='bbox 1169 778 1477 843; x_wconf 82' lang='lat' dir='ltr'><strong>exsolvere</strong></span> <span class='ocrx_word' id='word_1_45' title='bbox 1498 791 1717 861; x_wconf 79' lang='lat' dir='ltr'><strong>posset.</strong></span> 
     </span>
     <span class='ocr_line' id='line_1_8' title="bbox 332 865 1950 947; baseline -0.001 -18"><span class='ocrx_word' id='word_1_46' title='bbox 332 867 486 947; x_wconf 82' lang='lat' dir='ltr'><strong>quod</strong></span> <span class='ocrx_word' id='word_1_47' title='bbox 498 884 681 945; x_wconf 83' lang='lat' dir='ltr'><strong>nunc,</strong></span> <span class='ocrx_word' id='word_1_48' title='bbox 704 874 945 930; x_wconf 81' lang='lat' dir='ltr'><strong>aeterno</strong></span> <span class='ocrx_word' id='word_1_49' title='bbox 968 865 1103 945; x_wconf 67' lang='lat' dir='ltr'><strong>quia</strong></span> <span class='ocrx_word' id='word_1_50' title='bbox 1120 871 1382 927; x_wconf 77' lang='lat' dir='ltr'><strong>constant</strong></span> <span class='ocrx_word' id='word_1_51' title='bbox 1414 865 1631 928; x_wconf 78' lang='lat' dir='ltr'><strong>semiue</strong></span> <span class='ocrx_word' id='word_1_52' title='bbox 1655 883 1950 946; x_wconf 79' lang='lat' dir='ltr'><strong>quaeque,</strong></span> 
     </span>
     <span class='ocr_line' id='line_1_9' title="bbox 330 947 1603 1028; baseline 0 -17"><span class='ocrx_word' id='word_1_53' title='bbox 330 951 516 1012; x_wconf 90' lang='lat' dir='ltr'><strong>donec</strong></span> <span class='ocrx_word' id='word_1_54' title='bbox 535 951 623 1011; x_wconf 80' lang='lat' dir='ltr'><strong>vis</strong></span> <span class='ocrx_word' id='word_1_55' title='bbox 645 949 819 1027; x_wconf 70' lang='lat' dir='ltr'><strong>obiit,</strong></span> <span class='ocrx_word' id='word_1_56' title='bbox 851 966 996 1028; x_wconf 72' lang='lat' dir='ltr'><strong>quae</strong></span> <span class='ocrx_word' id='word_1_57' title='bbox 1019 967 1119 1012; x_wconf 80' lang='lat' dir='ltr'><strong>res</strong></span> <span class='ocrx_word' id='word_1_58' title='bbox 1138 947 1465 1012; x_wconf 75' lang='lat' dir='ltr'><strong>diverberet</strong></span> <span class='ocrx_word' id='word_1_59' title='bbox 1485 948 1603 1011; x_wconf 79' lang='lat' dir='ltr'><strong>ictu</strong></span> 
     </span>
     <span class='ocr_line' id='line_1_10' title="bbox 329 1029 1669 1114; baseline -0.003 -18"><span class='ocrx_word' id='word_1_60' title='bbox 329 1044 424 1097; x_wconf 82' lang='lat' dir='ltr'><strong>aut</strong></span> <span class='ocrx_word' id='word_1_61' title='bbox 452 1036 602 1095; x_wconf 85' lang='lat' dir='ltr'><strong>intus</strong></span> <span class='ocrx_word' id='word_1_62' title='bbox 625 1041 893 1114; x_wconf 79' lang='lat' dir='ltr'><strong>penetret</strong></span> <span class='ocrx_word' id='word_1_63' title='bbox 910 1050 1018 1113; x_wconf 78' lang='lat' dir='ltr'><strong>per</strong></span> <span class='ocrx_word' id='word_1_64' title='bbox 1037 1033 1222 1102; x_wconf 57' lang='lat' dir='ltr'><strong>mania</strong></span> <span class='ocrx_word' id='word_1_65' title='bbox 1242 1029 1634 1112; x_wconf 82' lang='lat' dir='ltr'><strong>dissoluatque</strong></span> <span class='ocrx_word' id='word_1_66' title='bbox 1650 1078 1669 1112; x_wconf 83' lang='lat'>,</span> 
     </span>
     <span class='ocr_line' id='line_1_11' title="bbox 328 1114 1630 1198; baseline -0.005 -18"><span class='ocrx_word' id='word_1_67' title='bbox 328 1117 537 1180; x_wconf 85' lang='lat' dir='ltr'><strong>nullius</strong></span> <span class='ocrx_word' id='word_1_68' title='bbox 559 1118 790 1180; x_wconf 70' lang='lat' dir='ltr'><strong>exititun</strong></span> <span class='ocrx_word' id='word_1_69' title='bbox 811 1118 1018 1198; x_wconf 73' lang='lat' dir='ltr'><strong>patitur</strong></span> <span class='ocrx_word' id='word_1_70' title='bbox 1036 1126 1232 1180; x_wconf 81' lang='lat' dir='ltr'><strong>natura</strong></span> <span class='ocrx_word' id='word_1_71' title='bbox 1251 1114 1452 1178; x_wconf 84' lang='lat' dir='ltr'><strong>videri.</strong></span> <span class='ocrx_word' id='word_1_72' title='bbox 1624 1155 1630 1160; x_wconf 87' lang='lat'><em>-</em></span> 
     </span>
    </p>

    <p class='ocr_par' dir='ltr' id='par_1_4' title="bbox 188 1208 1896 1617">
     <span class='ocr_line' id='line_1_12' title="bbox 188 1208 1844 1283; baseline -0.005 -15"><span class='ocrx_word' id='word_1_73' title='bbox 188 1213 301 1268; x_wconf 76' lang='lat'><strong>225</strong></span> <span class='ocrx_word' id='word_1_74' title='bbox 333 1211 639 1283; x_wconf 76' lang='lat' dir='ltr'><strong>praeterea</strong></span> <span class='ocrx_word' id='word_1_75' title='bbox 654 1218 799 1280; x_wconf 69' lang='lat' dir='ltr'><strong>quae</strong></span> <span class='ocrx_word' id='word_1_76' title='bbox 826 1209 1069 1280; x_wconf 77' lang='lat' dir='ltr'><strong>cumque</strong></span> <span class='ocrx_word' id='word_1_77' title='bbox 1093 1208 1381 1264; x_wconf 79' lang='lat' dir='ltr'><strong>vetustate</strong></span> <span class='ocrx_word' id='word_1_78' title='bbox 1401 1208 1628 1261; x_wconf 84' lang='lat' dir='ltr'><strong>amovet</strong></span> <span class='ocrx_word' id='word_1_79' title='bbox 1649 1209 1808 1261; x_wconf 85' lang='lat' dir='ltr'><strong>aetas</strong></span> <span class='ocrx_word' id='word_1_80' title='bbox 1823 1246 1844 1279; x_wconf 83' lang='lat'>,</span> 
     </span>
     <span class='ocr_line' id='line_1_13' title="bbox 328 1285 1853 1365; baseline -0.003 -17"><span class='ocrx_word' id='word_1_81' title='bbox 328 1288 378 1348; x_wconf 91' lang='lat' dir='ltr'><strong>si</strong></span> <span class='ocrx_word' id='word_1_82' title='bbox 400 1288 632 1365; x_wconf 84' lang='lat' dir='ltr'><strong>penitus</strong></span> <span class='ocrx_word' id='word_1_83' title='bbox 653 1285 901 1364; x_wconf 69' lang='lat' dir='ltr'><strong>peremit</strong></span> <span class='ocrx_word' id='word_1_84' title='bbox 922 1301 1268 1350; x_wconf 65' lang='lat' dir='ltr'><strong>consumens</strong></span> <span class='ocrx_word' id='word_1_85' title='bbox 1285 1285 1576 1345; x_wconf 74' lang='lat' dir='ltr'><strong>materiem</strong></span> <span class='ocrx_word' id='word_1_86' title='bbox 1596 1301 1818 1348; x_wconf 88' lang='lat' dir='ltr'><strong>omnem</strong></span> <span class='ocrx_word' id='word_1_87' title='bbox 1831 1331 1853 1364; x_wconf 90' lang='lat'>‚</span> 
     </span>
     <span class='ocr_line' id='line_1_14' title="bbox 330 1366 1756 1448; baseline 0 -18"><span class='ocrx_word' id='word_1_88' title='bbox 330 1370 478 1430; x_wconf 81' lang='lat' dir='ltr'><strong>unde</strong></span> <span class='ocrx_word' id='word_1_89' title='bbox 497 1368 736 1432; x_wconf 65' lang='lat' dir='ltr'><strong>manle</strong></span> <span class='ocrx_word' id='word_1_90' title='bbox 756 1386 943 1446; x_wconf 75' lang='lat' dir='ltr'><strong>genus</strong></span> <span class='ocrx_word' id='word_1_91' title='bbox 962 1369 1277 1448; x_wconf 69' lang='lat' dir='ltr'><strong>generatim</strong></span> <span class='ocrx_word' id='word_1_92' title='bbox 1295 1368 1353 1428; x_wconf 88' lang='lat' dir='ltr'><strong>in</strong></span> <span class='ocrx_word' id='word_1_93' title='bbox 1374 1366 1580 1430; x_wconf 79' lang='lat' dir='ltr'><strong>lumina</strong></span> <span class='ocrx_word' id='word_1_94' title='bbox 1605 1370 1756 1430; x_wconf 82' lang='lat' dir='ltr'><strong>vitae</strong></span> 
     </span>
     <span class='ocr_line' id='line_1_15' title="bbox 326 1450 1777 1530; baseline 0 -17"><span class='ocrx_word' id='word_1_95' title='bbox 326 1453 588 1515; x_wconf 80' lang='lat' dir='ltr'><strong>redducit</strong></span> <span class='ocrx_word' id='word_1_96' title='bbox 611 1451 809 1513; x_wconf 79' lang='lat' dir='ltr'><strong>Venus</strong></span> <span class='ocrx_word' id='word_1_97' title='bbox 823 1498 842 1530; x_wconf 85' lang='lat'>,</span> <span class='ocrx_word' id='word_1_98' title='bbox 869 1462 963 1514; x_wconf 90' lang='lat' dir='ltr'><strong>aut</strong></span> <span class='ocrx_word' id='word_1_99' title='bbox 984 1451 1323 1520; x_wconf 77' lang='lat' dir='ltr'><strong>redductum</strong></span> <span class='ocrx_word' id='word_1_100' title='bbox 1347 1450 1584 1514; x_wconf 84' lang='lat' dir='ltr'><strong>daedala</strong></span> <span class='ocrx_word' id='word_1_101' title='bbox 1603 1451 1777 1514; x_wconf 85' lang='lat' dir='ltr'><strong>tellus</strong></span> 
     </span>
     <span class='ocr_line' id='line_1_16' title="bbox 330 1532 1896 1617; baseline -0.002 -20"><span class='ocrx_word' id='word_1_102' title='bbox 330 1537 479 1598; x_wconf 79' lang='lat' dir='ltr'><strong>unde</strong></span> <span class='ocrx_word' id='word_1_103' title='bbox 501 1535 598 1597; x_wconf 87' lang='lat' dir='ltr'><strong>alit</strong></span> <span class='ocrx_word' id='word_1_104' title='bbox 622 1545 793 1616; x_wconf 80' lang='lat' dir='ltr'><strong>atque</strong></span> <span class='ocrx_word' id='word_1_105' title='bbox 813 1546 985 1615; x_wconf 78' lang='lat' dir='ltr'><strong>auget</strong></span> <span class='ocrx_word' id='word_1_106' title='bbox 1005 1537 1322 1615; x_wconf 77' lang='lat' dir='ltr'><strong>generatim</strong></span> <span class='ocrx_word' id='word_1_107' title='bbox 1343 1535 1554 1617; x_wconf 81' lang='lat' dir='ltr'><strong>pabula</strong></span> <span class='ocrx_word' id='word_1_108' title='bbox 1570 1532 1896 1616; x_wconf 76' lang='lat' dir='ltr'><strong>praebens?</strong></span> 
     </span>
    </p>

    <p class='ocr_par' dir='ltr' id='par_1_5' title="bbox 195 1618 1843 2036">
     <span class='ocr_line' id='line_1_17' title="bbox 195 1618 1682 1701; baseline -0.003 -16"><span class='ocrx_word' id='word_1_109' title='bbox 195 1627 307 1685; x_wconf 75' lang='lat'><strong>230</strong></span> <span class='ocrx_word' id='word_1_110' title='bbox 333 1621 481 1681; x_wconf 89' lang='lat' dir='ltr'><strong>unde</strong></span> <span class='ocrx_word' id='word_1_111' title='bbox 506 1638 659 1684; x_wconf 81' lang='lat' dir='ltr'><strong>mare</strong></span> <span class='ocrx_word' id='word_1_112' title='bbox 680 1621 913 1699; x_wconf 74' lang='lat' dir='ltr'><strong>ingenui</strong></span> <span class='ocrx_word' id='word_1_113' title='bbox 934 1618 1682 1701; x_wconf 18' lang='lat' dir='ltr'><strong>romanexternaquelarge</strong></span> 
     </span>
     <span class='ocr_line' id='line_1_18' title="bbox 332 1700 1843 1783; baseline -0.003 -18"><span class='ocrx_word' id='word_1_114' title='bbox 332 1704 557 1766; x_wconf 82' lang='lat' dir='ltr'><strong>flumina</strong></span> <span class='ocrx_word' id='word_1_115' title='bbox 576 1700 984 1783; x_wconf 72' lang='lat' dir='ltr'><strong>suppeditant?</strong></span> <span class='ocrx_word' id='word_1_116' title='bbox 1006 1704 1155 1768; x_wconf 88' lang='lat' dir='ltr'><strong>unde</strong></span> <span class='ocrx_word' id='word_1_117' title='bbox 1178 1702 1381 1765; x_wconf 80' lang='lat' dir='ltr'><strong>aether</strong></span> <span class='ocrx_word' id='word_1_118' title='bbox 1401 1701 1587 1765; x_wconf 84' lang='lat' dir='ltr'><strong>sidera</strong></span> <span class='ocrx_word' id='word_1_119' title='bbox 1616 1700 1843 1782; x_wconf 78' lang='lat' dir='ltr'><strong>pascit?</strong></span> 
     </span>
     <span class='ocr_line' id='line_1_19' title="bbox 330 1786 1799 1867; baseline -0.002 -17"><span class='ocrx_word' id='word_1_120' title='bbox 330 1789 515 1850; x_wconf 83' lang='lat' dir='ltr'><strong>omnia</strong></span> <span class='ocrx_word' id='word_1_121' title='bbox 540 1789 691 1848; x_wconf 87' lang='lat' dir='ltr'><strong>enim</strong></span> <span class='ocrx_word' id='word_1_122' title='bbox 712 1787 920 1866; x_wconf 80' lang='lat' dir='ltr'><strong>debet,</strong></span> <span class='ocrx_word' id='word_1_123' title='bbox 942 1786 1163 1849; x_wconf 81' lang='lat' dir='ltr'><strong>mortali</strong></span> <span class='ocrx_word' id='word_1_124' title='bbox 1194 1804 1442 1867; x_wconf 85' lang='lat' dir='ltr'><strong>corpore</strong></span> <span class='ocrx_word' id='word_1_125' title='bbox 1466 1804 1611 1865; x_wconf 76' lang='lat' dir='ltr'><strong>quae</strong></span> <span class='ocrx_word' id='word_1_126' title='bbox 1634 1796 1764 1849; x_wconf 82' lang='lat' dir='ltr'><strong>sunt</strong></span> <span class='ocrx_word' id='word_1_127' title='bbox 1780 1833 1799 1865; x_wconf 84' lang='lat'>,</span> 
     </span>
     <span class='ocr_line' id='line_1_20' title="bbox 330 1869 1671 1953; baseline -0.001 -20"><span class='ocrx_word' id='word_1_128' title='bbox 330 1872 538 1934; x_wconf 86' lang='lat' dir='ltr'><strong>infinita</strong></span> <span class='ocrx_word' id='word_1_129' title='bbox 555 1880 715 1935; x_wconf 80' lang='lat' dir='ltr'><strong>aetas</strong></span> <span class='ocrx_word' id='word_1_130' title='bbox 737 1889 1083 1953; x_wconf 76' lang='lat' dir='ltr'><strong>consumpse</strong></span> <span class='ocrx_word' id='word_1_131' title='bbox 1101 1879 1233 1934; x_wconf 86' lang='lat' dir='ltr'><strong>ante</strong></span> <span class='ocrx_word' id='word_1_132' title='bbox 1259 1880 1388 1932; x_wconf 83' lang='lat' dir='ltr'><strong>acta</strong></span> <span class='ocrx_word' id='word_1_133' title='bbox 1414 1869 1671 1951; x_wconf 79' lang='lat' dir='ltr'><strong>diesque.</strong></span> 
     </span>
     <span class='ocr_line' id='line_1_21' title="bbox 332 1956 1827 2036; baseline 0 -20"><span class='ocrx_word' id='word_1_134' title='bbox 332 1956 481 2036; x_wconf 88' lang='lat' dir='ltr'><strong>quod</strong></span> <span class='ocrx_word' id='word_1_135' title='bbox 504 1958 556 2018; x_wconf 85' lang='lat' dir='ltr'><strong>si</strong></span> <span class='ocrx_word' id='word_1_136' title='bbox 581 1958 638 2016; x_wconf 92' lang='lat' dir='ltr'><strong>in</strong></span> <span class='ocrx_word' id='word_1_137' title='bbox 660 1973 733 2016; x_wconf 91' lang='lat' dir='ltr'><strong>eo</strong></span> <span class='ocrx_word' id='word_1_138' title='bbox 754 1958 941 2036; x_wconf 85' lang='lat' dir='ltr'><strong>spatio</strong></span> <span class='ocrx_word' id='word_1_139' title='bbox 962 1966 1132 2036; x_wconf 70' lang='lat' dir='ltr'><strong>atque</strong></span> <span class='ocrx_word' id='word_1_140' title='bbox 1154 1964 1285 2019; x_wconf 81' lang='lat' dir='ltr'><strong>ante</strong></span> <span class='ocrx_word' id='word_1_141' title='bbox 1308 1965 1435 2016; x_wconf 83' lang='lat' dir='ltr'><strong>acta</strong></span> <span class='ocrx_word' id='word_1_142' title='bbox 1454 1965 1641 2017; x_wconf 85' lang='lat' dir='ltr'><strong>aetate</strong></span> <span class='ocrx_word' id='word_1_143' title='bbox 1664 1956 1827 2016; x_wconf 83' lang='lat' dir='ltr'><strong>fuere</strong></span> 
     </span>
    </p>

    <p class='ocr_par' dir='ltr' id='par_1_6' title="bbox 194 2039 1768 2454">
     <span class='ocr_line' id='line_1_22' title="bbox 194 2039 1768 2119; baseline -0.003 -15"><span class='ocrx_word' id='word_1_144' title='bbox 194 2049 305 2104; x_wconf 75' lang='lat'><strong>235</strong></span> <span class='ocrx_word' id='word_1_145' title='bbox 333 2060 367 2102; x_wconf 93' lang='lat' dir='ltr'><strong>e</strong></span> <span class='ocrx_word' id='word_1_146' title='bbox 394 2041 598 2119; x_wconf 82' lang='lat' dir='ltr'><strong>quibus</strong></span> <span class='ocrx_word' id='word_1_147' title='bbox 619 2039 766 2103; x_wconf 80' lang='lat' dir='ltr'><strong>haec</strong></span> <span class='ocrx_word' id='word_1_148' title='bbox 784 2058 973 2102; x_wconf 83' lang='lat' dir='ltr'><strong>rerum</strong></span> <span class='ocrx_word' id='word_1_149' title='bbox 997 2041 1258 2105; x_wconf 82' lang='lat' dir='ltr'><strong>consistit</strong></span> <span class='ocrx_word' id='word_1_150' title='bbox 1280 2057 1493 2101; x_wconf 84' lang='lat' dir='ltr'><strong>summa</strong></span> <span class='ocrx_word' id='word_1_151' title='bbox 1513 2040 1737 2101; x_wconf 83' lang='lat' dir='ltr'><strong>refecta</strong></span> <span class='ocrx_word' id='word_1_152' title='bbox 1751 2086 1768 2116; x_wconf 82' lang='lat'>‚</span> 
     </span>
     <span class='ocr_line' id='line_1_23' title="bbox 329 2121 1476 2204; baseline -0.002 -20"><span class='ocrx_word' id='word_1_153' title='bbox 329 2121 607 2185; x_wconf 80' lang='lat' dir='ltr'><strong>inmortali</strong></span> <span class='ocrx_word' id='word_1_154' title='bbox 629 2133 759 2186; x_wconf 78' lang='lat' dir='ltr'><strong>suut</strong></span> <span class='ocrx_word' id='word_1_155' title='bbox 786 2133 981 2185; x_wconf 84' lang='lat' dir='ltr'><strong>natura</strong></span> <span class='ocrx_word' id='word_1_156' title='bbox 1000 2123 1255 2204; x_wconf 85' lang='lat' dir='ltr'><strong>praedita</strong></span> <span class='ocrx_word' id='word_1_157' title='bbox 1278 2133 1437 2185; x_wconf 86' lang='lat' dir='ltr'><strong>certe</strong></span> <span class='ocrx_word' id='word_1_158' title='bbox 1456 2169 1476 2202; x_wconf 89' lang='lat'>‚</span> 
     </span>
     <span class='ocr_line' id='line_1_24' title="bbox 328 2207 1739 2287; baseline -0.001 -20"><span class='ocrx_word' id='word_1_159' title='bbox 328 2208 461 2268; x_wconf 84' lang='lat' dir='ltr'><strong>haut</strong></span> <span class='ocrx_word' id='word_1_160' title='bbox 481 2209 654 2286; x_wconf 86' lang='lat' dir='ltr'><strong>igitur</strong></span> <span class='ocrx_word' id='word_1_161' title='bbox 673 2217 915 2287; x_wconf 81' lang='lat' dir='ltr'><strong>possunt</strong></span> <span class='ocrx_word' id='word_1_162' title='bbox 937 2208 1007 2268; x_wconf 89' lang='lat' dir='ltr'><strong>ad</strong></span> <span class='ocrx_word' id='word_1_163' title='bbox 1028 2207 1203 2268; x_wconf 84' lang='lat' dir='ltr'><strong>nilum</strong></span> <span class='ocrx_word' id='word_1_164' title='bbox 1225 2224 1487 2287; x_wconf 83' lang='lat' dir='ltr'><strong>quaeque</strong></span> <span class='ocrx_word' id='word_1_165' title='bbox 1507 2208 1739 2268; x_wconf 84' lang='lat' dir='ltr'><strong>reverti.</strong></span> 
     </span>
     <span class='ocr_line' id='line_1_25' title="bbox 328 2288 1736 2371; baseline -0.001 -19"><span class='ocrx_word' id='word_1_166' title='bbox 328 2293 573 2371; x_wconf 75' lang='lat' dir='ltr'><strong>denique</strong></span> <span class='ocrx_word' id='word_1_167' title='bbox 595 2310 693 2354; x_wconf 88' lang='lat' dir='ltr'><strong>res</strong></span> <span class='ocrx_word' id='word_1_168' title='bbox 715 2293 896 2355; x_wconf 80' lang='lat' dir='ltr'><strong>omnis</strong></span> <span class='ocrx_word' id='word_1_169' title='bbox 920 2292 1119 2355; x_wconf 88' lang='lat' dir='ltr'><strong>eadem</strong></span> <span class='ocrx_word' id='word_1_170' title='bbox 1140 2292 1229 2352; x_wconf 87' lang='lat' dir='ltr'><strong>vis</strong></span> <span class='ocrx_word' id='word_1_171' title='bbox 1255 2308 1539 2370; x_wconf 81' lang='lat' dir='ltr'><strong>causaque</strong></span> <span class='ocrx_word' id='word_1_172' title='bbox 1559 2288 1736 2369; x_wconf 86' lang='lat' dir='ltr'><strong>volgo</strong></span> 
     </span>
     <span class='ocr_line' id='line_1_26' title="bbox 331 2376 1627 2454; baseline -0.001 -18"><span class='ocrx_word' id='word_1_173' title='bbox 331 2376 643 2436; x_wconf 86' lang='lat' dir='ltr'><strong>conficeret</strong></span> <span class='ocrx_word' id='word_1_174' title='bbox 659 2421 680 2454; x_wconf 82' lang='lat'>,</span> <span class='ocrx_word' id='word_1_175' title='bbox 700 2377 807 2439; x_wconf 87' lang='lat' dir='ltr'><strong>nisi</strong></span> <span class='ocrx_word' id='word_1_176' title='bbox 829 2377 1093 2436; x_wconf 81' lang='lat' dir='ltr'><strong>materies</strong></span> <span class='ocrx_word' id='word_1_177' title='bbox 1116 2385 1347 2437; x_wconf 84' lang='lat' dir='ltr'><strong>aeterna</strong></span> <span class='ocrx_word' id='word_1_178' title='bbox 1368 2383 1627 2452; x_wconf 83' lang='lat' dir='ltr'><strong>teneret,</strong></span> 
     </span>
    </p>

    <p class='ocr_par' dir='ltr' id='par_1_7' title="bbox 194 2458 1906 2874">
     <span class='ocr_line' id='line_1_27' title="bbox 194 2458 1636 2538; baseline -0.001 -18"><span class='ocrx_word' id='word_1_179' title='bbox 194 2467 308 2522; x_wconf 78' lang='lat'><strong>240</strong></span> <span class='ocrx_word' id='word_1_180' title='bbox 334 2461 481 2519; x_wconf 81' lang='lat' dir='ltr'><strong>inter</strong></span> <span class='ocrx_word' id='word_1_181' title='bbox 501 2478 569 2521; x_wconf 82' lang='lat' dir='ltr'><strong>se</strong></span> <span class='ocrx_word' id='word_1_182' title='bbox 589 2477 741 2521; x_wconf 82' lang='lat' dir='ltr'><strong>nexu</strong></span> <span class='ocrx_word' id='word_1_183' title='bbox 760 2462 945 2521; x_wconf 87' lang='lat' dir='ltr'><strong>minus</strong></span> <span class='ocrx_word' id='word_1_184' title='bbox 964 2469 1058 2520; x_wconf 90' lang='lat' dir='ltr'><strong>aut</strong></span> <span class='ocrx_word' id='word_1_185' title='bbox 1078 2461 1257 2538; x_wconf 80' lang='lat' dir='ltr'><strong>magis</strong></span> <span class='ocrx_word' id='word_1_186' title='bbox 1281 2458 1636 2538; x_wconf 84' lang='lat' dir='ltr'><strong>indupedita:</strong></span> 
     </span>
     <span class='ocr_line' id='line_1_28' title="bbox 328 2541 1667 2622; baseline -0.001 -19"><span class='ocrx_word' id='word_1_187' title='bbox 328 2552 512 2603; x_wconf 89' lang='lat' dir='ltr'><strong>tactus</strong></span> <span class='ocrx_word' id='word_1_188' title='bbox 541 2544 689 2602; x_wconf 87' lang='lat' dir='ltr'><strong>enim</strong></span> <span class='ocrx_word' id='word_1_189' title='bbox 709 2543 812 2604; x_wconf 89' lang='lat' dir='ltr'><strong>leti</strong></span> <span class='ocrx_word' id='word_1_190' title='bbox 833 2546 971 2605; x_wconf 82' lang='lat' dir='ltr'><strong>satis</strong></span> <span class='ocrx_word' id='word_1_191' title='bbox 993 2553 1151 2604; x_wconf 87' lang='lat' dir='ltr'><strong>esset</strong></span> <span class='ocrx_word' id='word_1_192' title='bbox 1176 2561 1346 2604; x_wconf 84' lang='lat' dir='ltr'><strong>causa</strong></span> <span class='ocrx_word' id='word_1_193' title='bbox 1370 2541 1667 2622; x_wconf 78' lang='lat' dir='ltr'><strong>profect03</strong></span> 
     </span>
     <span class='ocr_line' id='line_1_29' title="bbox 332 2625 1906 2706; baseline -0.002 -21"><span class='ocrx_word' id='word_1_194' title='bbox 332 2629 579 2706; x_wconf 85' lang='lat' dir='ltr'><strong>quippe,</strong></span> <span class='ocrx_word' id='word_1_195' title='bbox 603 2627 699 2687; x_wconf 84' lang='lat' dir='ltr'><strong>ubi</strong></span> <span class='ocrx_word' id='word_1_196' title='bbox 722 2625 1082 2695; x_wconf 17' lang='lat' dir='ltr'><strong>nullalforent</strong></span> <span class='ocrx_word' id='word_1_197' title='bbox 1104 2636 1339 2687; x_wconf 84' lang='lat' dir='ltr'><strong>aeterno</strong></span> <span class='ocrx_word' id='word_1_198' title='bbox 1366 2643 1610 2704; x_wconf 82' lang='lat' dir='ltr'><strong>corpore</strong></span> <span class='ocrx_word' id='word_1_199' title='bbox 1625 2671 1644 2703; x_wconf 84' lang='lat'>‚</span> <span class='ocrx_word' id='word_1_200' title='bbox 1670 2642 1906 2704; x_wconf 88' lang='lat' dir='ltr'><strong>quorum</strong></span> 
     </span>
     <span class='ocr_line' id='line_1_30' title="bbox 331 2709 1668 2788; baseline -0.001 -20"><span class='ocrx_word' id='word_1_201' title='bbox 331 2720 655 2771; x_wconf 84' lang='lat' dir='ltr'><strong>contextum</strong></span> <span class='ocrx_word' id='word_1_202' title='bbox 675 2712 763 2772; x_wconf 84' lang='lat' dir='ltr'><strong>vis</strong></span> <span class='ocrx_word' id='word_1_203' title='bbox 787 2710 1026 2771; x_wconf 86' lang='lat' dir='ltr'><strong>deberet</strong></span> <span class='ocrx_word' id='word_1_204' title='bbox 1047 2709 1367 2772; x_wconf 77' lang='lat' dir='ltr'><strong>dissolvere</strong></span> <span class='ocrx_word' id='word_1_205' title='bbox 1392 2727 1668 2788; x_wconf 85' lang='lat' dir='ltr'><strong>quaeque.</strong></span> 
     </span>
     <span class='ocr_line' id='line_1_31' title="bbox 329 2794 1630 2874; baseline -0.002 -21"><span class='ocrx_word' id='word_1_206' title='bbox 329 2803 383 2854; x_wconf 84' lang='lat' dir='ltr'><strong>at</strong></span> <span class='ocrx_word' id='word_1_207' title='bbox 405 2812 555 2855; x_wconf 88' lang='lat' dir='ltr'><strong>nunc</strong></span> <span class='ocrx_word' id='word_1_208' title='bbox 571 2840 591 2871; x_wconf 88' lang='lat'>,</span> <span class='ocrx_word' id='word_1_209' title='bbox 612 2795 762 2855; x_wconf 85' lang='lat' dir='ltr'><strong>inter</strong></span> <span class='ocrx_word' id='word_1_210' title='bbox 780 2814 847 2856; x_wconf 90' lang='lat' dir='ltr'><strong>se</strong></span> <span class='ocrx_word' id='word_1_211' title='bbox 870 2796 999 2874; x_wconf 74' lang='lat' dir='ltr'><strong>quia</strong></span> <span class='ocrx_word' id='word_1_212' title='bbox 1022 2813 1202 2855; x_wconf 81' lang='lat' dir='ltr'><strong>nexus</strong></span> <span class='ocrx_word' id='word_1_213' title='bbox 1225 2794 1630 2873; x_wconf 80' lang='lat' dir='ltr'><strong>principiorum</strong></span> 
     </span>
    </p>

    <p class='ocr_par' dir='ltr' id='par_1_8' title="bbox 192 2876 1809 3292">
     <span class='ocr_line' id='line_1_32' title="bbox 192 2876 1731 2957; baseline -0.002 -18"><span class='ocrx_word' id='word_1_214' title='bbox 192 2886 303 2939; x_wconf 76' lang='lat'><strong>245</strong></span> <span class='ocrx_word' id='word_1_215' title='bbox 334 2876 637 2939; x_wconf 89' lang='lat' dir='ltr'><strong>dissimiles</strong></span> <span class='ocrx_word' id='word_1_216' title='bbox 668 2887 926 2939; x_wconf 84' lang='lat' dir='ltr'><strong>constant</strong></span> <span class='ocrx_word' id='word_1_217' title='bbox 947 2888 1292 2957; x_wconf 86' lang='lat' dir='ltr'><strong>aeternaque</strong></span> <span class='ocrx_word' id='word_1_218' title='bbox 1316 2879 1581 2938; x_wconf 84' lang='lat' dir='ltr'><strong>materies</strong></span> <span class='ocrx_word' id='word_1_219' title='bbox 1607 2885 1731 2953; x_wconf 86' lang='lat' dir='ltr'><strong>est,</strong></span> 
     </span>
     <span class='ocr_line' id='line_1_33' title="bbox 326 2959 1809 3041; baseline 0 -21"><span class='ocrx_word' id='word_1_220' title='bbox 326 2960 595 3021; x_wconf 87' lang='lat' dir='ltr'><strong>incolumi</strong></span> <span class='ocrx_word' id='word_1_221' title='bbox 613 2971 906 3022; x_wconf 80' lang='lat' dir='ltr'><strong>remanent</strong></span> <span class='ocrx_word' id='word_1_222' title='bbox 926 2980 1022 3023; x_wconf 84' lang='lat' dir='ltr'><strong>res</strong></span> <span class='ocrx_word' id='word_1_223' title='bbox 1043 2978 1290 3041; x_wconf 83' lang='lat' dir='ltr'><strong>corpore</strong></span> <span class='ocrx_word' id='word_1_224' title='bbox 1304 3005 1322 3038; x_wconf 87' lang='lat'><strong>‚</strong></span> <span class='ocrx_word' id='word_1_225' title='bbox 1352 2959 1480 3041; x_wconf 83' lang='lat' dir='ltr'><strong>dum</strong></span> <span class='ocrx_word' id='word_1_226' title='bbox 1503 2961 1641 3021; x_wconf 84' lang='lat' dir='ltr'><strong>satis</strong></span> <span class='ocrx_word' id='word_1_227' title='bbox 1662 2960 1809 3021; x_wconf 87' lang='lat' dir='ltr'><strong>acris</strong></span> 
     </span>
     <span class='ocr_line' id='line_1_34' title="bbox 328 3045 1545 3124; baseline 0 -21"><span class='ocrx_word' id='word_1_228' title='bbox 328 3046 414 3104; x_wconf 83' lang='lat' dir='ltr'><strong>vis</strong></span> <span class='ocrx_word' id='word_1_229' title='bbox 438 3045 609 3104; x_wconf 88' lang='lat' dir='ltr'><strong>obeat</strong></span> <span class='ocrx_word' id='word_1_230' title='bbox 632 3062 737 3124; x_wconf 84' lang='lat' dir='ltr'><strong>pro</strong></span> <span class='ocrx_word' id='word_1_231' title='bbox 758 3055 979 3106; x_wconf 83' lang='lat' dir='ltr'><strong>textura</strong></span> <span class='ocrx_word' id='word_1_232' title='bbox 1005 3046 1278 3124; x_wconf 86' lang='lat' dir='ltr'><strong>cuiusque</strong></span> <span class='ocrx_word' id='word_1_233' title='bbox 1298 3054 1545 3123; x_wconf 80' lang='lat' dir='ltr'><strong>reperta.</strong></span> 
     </span>
     <span class='ocr_line' id='line_1_35' title="bbox 324 3126 1760 3206; baseline 0.001 -19"><span class='ocrx_word' id='word_1_234' title='bbox 324 3127 474 3187; x_wconf 85' lang='lat' dir='ltr'><strong>haud</strong></span> <span class='ocrx_word' id='word_1_235' title='bbox 494 3129 667 3206; x_wconf 80' lang='lat' dir='ltr'><strong>igitur</strong></span> <span class='ocrx_word' id='word_1_236' title='bbox 685 3129 834 3190; x_wconf 83' lang='lat' dir='ltr'><strong>redit</strong></span> <span class='ocrx_word' id='word_1_237' title='bbox 855 3128 927 3189; x_wconf 84' lang='lat' dir='ltr'><strong>ad</strong></span> <span class='ocrx_word' id='word_1_238' title='bbox 944 3128 1114 3188; x_wconf 89' lang='lat' dir='ltr'><strong>nilum</strong></span> <span class='ocrx_word' id='word_1_239' title='bbox 1137 3148 1235 3189; x_wconf 87' lang='lat' dir='ltr'><strong>res</strong></span> <span class='ocrx_word' id='word_1_240' title='bbox 1262 3126 1377 3187; x_wconf 85' lang='lat' dir='ltr'><strong>ulla</strong></span> <span class='ocrx_word' id='word_1_241' title='bbox 1391 3173 1410 3205; x_wconf 84' lang='lat'>,</span> <span class='ocrx_word' id='word_1_242' title='bbox 1436 3126 1542 3188; x_wconf 86' lang='lat' dir='ltr'><strong>sed</strong></span> <span class='ocrx_word' id='word_1_243' title='bbox 1564 3145 1760 3188; x_wconf 87' lang='lat' dir='ltr'><strong>omnes</strong></span> 
     </span>
     <span class='ocr_line' id='line_1_36' title="bbox 325 3210 1652 3292; baseline 0 -22"><span class='ocrx_word' id='word_1_244' title='bbox 325 3211 567 3271; x_wconf 89' lang='lat' dir='ltr'><strong>discidio</strong></span> <span class='ocrx_word' id='word_1_245' title='bbox 590 3210 831 3273; x_wconf 84' lang='lat' dir='ltr'><strong>redeunt</strong></span> <span class='ocrx_word' id='word_1_246' title='bbox 852 3214 906 3272; x_wconf 88' lang='lat' dir='ltr'><strong>in</strong></span> <span class='ocrx_word' id='word_1_247' title='bbox 932 3229 1172 3292; x_wconf 84' lang='lat' dir='ltr'><strong>corpora</strong></span> <span class='ocrx_word' id='word_1_248' title='bbox 1194 3211 1459 3271; x_wconf 84' lang='lat' dir='ltr'><strong>materiai.</strong></span> <span class='ocrx_word' id='word_1_249' title='bbox 1641 3260 1652 3270; x_wconf 90' lang='lat'><strong>.</strong></span> 
     </span>
    </p>

    <p class='ocr_par' dir='ltr' id='par_1_9' title="bbox 189 3291 1809 3375">
     <span class='ocr_line' id='line_1_37' title="bbox 189 3291 1809 3375; baseline -0.004 -17"><span class='ocrx_word' id='word_1_250' title='bbox 189 3305 299 3358; x_wconf 71' lang='lat'><strong>250</strong></span> <span class='ocrx_word' id='word_1_251' title='bbox 373 3304 625 3355; x_wconf 90' lang='lat' dir='ltr'><strong>ostremo</strong></span> <span class='ocrx_word' id='word_1_252' title='bbox 650 3304 890 3375; x_wconf 77' lang='lat' dir='ltr'><strong>pereunt</strong></span> <span class='ocrx_word' id='word_1_253' title='bbox 911 3297 1121 3356; x_wconf 68' lang='lat' dir='ltr'><strong>imbres</strong></span> <span class='ocrx_word' id='word_1_254' title='bbox 1137 3341 1156 3372; x_wconf 86' lang='lat'><strong>.,</strong></span> <span class='ocrx_word' id='word_1_255' title='bbox 1182 3295 1276 3354; x_wconf 87' lang='lat' dir='ltr'><strong>ubi</strong></span> <span class='ocrx_word' id='word_1_256' title='bbox 1300 3312 1405 3355; x_wconf 90' lang='lat' dir='ltr'><strong>eos</strong></span> <span class='ocrx_word' id='word_1_257' title='bbox 1428 3303 1592 3373; x_wconf 87' lang='lat' dir='ltr'><strong>pater</strong></span> <span class='ocrx_word' id='word_1_258' title='bbox 1611 3291 1809 3354; x_wconf 83' lang='lat' dir='ltr'><strong>aether</strong></span> 
     </span>
    </p>

    <p class='ocr_par' dir='ltr' id='par_1_10' title="bbox 323 3378 1710 3542">
     <span class='ocr_line' id='line_1_38' title="bbox 344 3378 1523 3457; baseline -0.001 -20"><span class='ocrx_word' id='word_1_259' title='bbox 344 3397 380 3437; x_wconf 88' lang='lat' dir='ltr'><strong>n</strong></span> <span class='ocrx_word' id='word_1_260' title='bbox 403 3379 677 3457; x_wconf 78' lang='lat' dir='ltr'><strong>gremium</strong></span> <span class='ocrx_word' id='word_1_261' title='bbox 695 3381 885 3441; x_wconf 82' lang='lat' dir='ltr'><strong>matris</strong></span> <span class='ocrx_word' id='word_1_262' title='bbox 909 3380 1077 3438; x_wconf 81' lang='lat' dir='ltr'><strong>terrai</strong></span> <span class='ocrx_word' id='word_1_263' title='bbox 1102 3378 1523 3456; x_wconf 73' lang='lat' dir='ltr'><strong>praecipitavit:</strong></span> 
     </span>
     <span class='ocr_line' id='line_1_39' title="bbox 323 3460 1710 3542; baseline -0.006 -21"><span class='ocrx_word' id='word_1_264' title='bbox 323 3472 381 3521; x_wconf 84' lang='lat' dir='ltr'><strong>at</strong></span> <span class='ocrx_word' id='word_1_265' title='bbox 403 3462 611 3522; x_wconf 84' lang='lat' dir='ltr'><strong>nitidae</strong></span> <span class='ocrx_word' id='word_1_266' title='bbox 635 3472 872 3542; x_wconf 66' lang='lat' dir='ltr'><strong>surgunt</strong></span> <span class='ocrx_word' id='word_1_267' title='bbox 895 3463 1092 3539; x_wconf 75' lang='lat' dir='ltr'><strong>fruges</strong></span> <span class='ocrx_word' id='word_1_268' title='bbox 1110 3506 1128 3537; x_wconf 86' lang='lat'>,</span> <span class='ocrx_word' id='word_1_269' title='bbox 1149 3462 1399 3541; x_wconf 83' lang='lat' dir='ltr'><strong>ramique</strong></span> <span class='ocrx_word' id='word_1_270' title='bbox 1419 3460 1710 3518; x_wconf 84' lang='lat' dir='ltr'><strong>virescunt</strong></span> 
     </span>
    </p>
   </div>
  </div>
 </body>
</html>
