2409 3825
261 123 344 187 48
1239 121 1308 181 11·

430 291 680 368 vagitum
703 292 760 349 in
782 287 1263 367 Creta-quondam
1289 285 1619 348 occultasse
1643 287 1900 349 feruntur

304 383 407 439 635
438 392 565 434 cum
587 376 751 452 pueri
777 375 993 434 circum
1014 389 1254 450 puerum
1274 372 1510 449 pernice
1536 370 1747 431 chorea

434 459 626 518 armati
642 459 698 517 in
721 468 1014 517 numerum
1037 455 1331 534 pulsarent
1358 454 1584 514 aeribus
1606 473 1739 516 aera
1754 502 1771 532 ,

432 560 505 602 ne
530 542 801 601 Saturnus
827 559 957 601 eum
986 539 1147 600 malis
1171 537 1458 598 mandaret
1479 537 1718 617 adeptus

435 635 840 703 aeternumque
866 624 1024 683 daret
1047 625 1204 682 matri
1228 623 1335 682 sub
1356 631 1597 721 pectore
1625 623 1848 683 volnus.

310 718 414 774 640
437 718 748 789 propterea
773 725 1026 784 mag-nam
1049 717 1282 766 matrem
1312 706 1502 765 armati
1526 708 1894 790 comitantur,

435 802 528 852 aut
553 794 681 870 quia
707 792 1024 869 significant
1046 790 1228 850 divam
1257 789 1591 868 praedicere
1620 800 1680 851 ut
1704 793 1869 851 armis

435 895 504 936 ac
524 879 731 935 virtute
755 874 933 935 velint
953 875 1184 953 patriam
1217 873 1529 934 defendere
1556 883 1762 934 terram
1780 920 1799 952 ‚

435 960 836 1039 praesidioque
860 967 1058 1036 parent
1083 958 1392 1056 decorique
1416 959 1742 1036 parentibus
1765 977 1921 1019 esse.

438 1061 582 1121 quae
608 1044 757 1102 hene
782 1052 840 1102 et
864 1043 1068 1102 eximie
1094 1045 1345 1119 quamvis
1370 1042 1625 1120 disposta
1648 1042 1899 1142 ferantur
1914 1086 1936 1121 ‚

311 1136 414 1191 645
438 1127 613 1203 longe
639 1135 768 1186 sunt
790 1135 978 1186 temen
1003 1142 1035 1183 a
1060 1143 1197 1185 vera
1218 1127 1436 1185 ratione
1456 1125 1705 1204 repulsa.

440 1212 618 1270 omnis
643 1211 791 1269 enim
821 1228 928 1288 per
949 1228 1019 1270 se
1040 1208 1227 1268 divom
1253 1217 1447 1271 nat-ura
1468 1220 1771 1270 necessest

438 1291 715 1354 inmortali
738 1312 885 1354 aevo
908 1310 1121 1354 summa
1145 1310 1271 1351 cum
1302 1310 1447 1371 pace
1478 1293 1690 1353 fruatur

440 1388 658 1438 semota
679 1378 750 1436 ab
778 1379 986 1438 nostris
1009 1376 1183 1437 rebus
1208 1378 1579 1455 seiunctaque
1608 1376 1815 1455 longe:
1887 1385 1898 1389 ’

437 1480 562 1521 nam
590 1463 809 1540 privata
830 1460 1030 1521 dolore
1065 1461 1245 1537 omni,
1272 1461 1489 1539 privata
1509 1460 1745 1539 periclis
1766 1506 1785 1538 ‚

312 1555 419 1609 650
444 1547 568 1624 ipsa
589 1547 707 1606 suis
733 1543 961 1623 pollens
985 1545 1190 1622 opibus
1208 1589 1225 1621 ‚
1250 1544 1328 1603 nil
1347 1545 1535 1621 indiga
1556 1547 1767 1620 nostri,
1818 1550 1824 1557 “

438 1649 549 1690 nec
572 1629 721 1689 bene
744 1629 1066 1708 promeritis
1093 1630 1312 1706 capitur
1340 1647 1531 1706 neque
1558 1631 1804 1706 tangitur
1828 1630 1929 1692 ira.

438 1724 589 1773 terra
612 1713 836 1791 quidem
858 1729 1000 1771 vero
1025 1722 1180 1771 caret
1207 1714 1354 1772 omni
1376 1723 1633 1790 tempore
1660 1732 1867 1790 sensu,

443 1807 500 1857 et
532 1798 661 1875 quia
688 1795 981 1855 multarum
1004 1798 1219 1875 potitur
1244 1796 1545 1875 primordia
1567 1813 1787 1874 rerum,

441 1880 613 1940 multa
634 1879 816 1940 modis
840 1879 1030 1941 multis
1055 1880 1223 1941 effert
1245 1882 1302 1940 in
1330 1879 1534 1940 lumina
1556 1879 1715 1942 solis.

312 1973 413 2029 655
442 1965 536 2024 hic
560 1965 738 2043 siquis
765 1983 917 2024 mare
949 1964 1275 2044 Neptunum
1300 1962 1686 2044 Cereremque
1710 1983 1922 2027 vocare

441 2050 730 2111 constituit
761 2048 956 2147 fruges
979 2059 1038 2108 et
1063 2049 1272 2109 Bacchi
1305 2049 1527 2108 nomine
1551 2049 1704 2109 abuti

340 2208 352 2215 ,
440 2131 649 2193 mavolt
670 2149 837 2210 quam
860 2123 1057 2192 laticis
1067 2135 1357 2212 proprium
1380 2132 1640 2211 proferre
1663 2150 1974 2210 vocamen,

444 2215 821 2277 concedamus
838 2226 905 2276 ut
928 2216 1021 2275 hic
1044 2226 1316 2280 terrarum
1337 2216 1557 2279 dictitet
1585 2218 1784 2277 orbem

441 2320 575 2362 esse
607 2300 1059 2376 domimum-em7
1076 2302 1213 2361 dnm
1235 2319 1372 2361 vera
1392 2320 1455 2361 re
1480 2309 1666 2361 tamen
1691 2302 1816 2379 ipse

310 2394 417 2449 660
444 2384 724 2463 religione
755 2386 994 2443 animum
1014 2387 1173 2465 turpi·
1189 2387 1523 2462 contingere
1552 2396 1763 2463 pareat.

524 2469 712 2546 Saepe
736 2470 924 2546 itaque
955 2486 1031 2528 ex
1053 2487 1165 2528 uno
1190 2469 1493 2530 tondentes
1515 2470 1764 2545 gramina
1785 2485 1989 2547 eampo

437 2553 728 2630 lanigerae
750 2551 1007 2630 pecudes
1031 2561 1091 2611 et
1108 2571 1385 2631 equorum
1407 2552 1652 2613 duellica
1682 2552 1879 2631 proles

437 2638 821 2714 buceriaeque
845 2655 1060 2714 greges
1085 2638 1292 2697 eodem
1314 2637 1421 2698 sub
1447 2639 1698 2714 tegmine
1719 2636 1866 2697 caeli

437 2740 512 2780 ex
532 2737 761 2798 unoque
788 2722 935 2780 sitim
959 2720 1226 2782 sedantes
1252 2721 1479 2781 flumine
1500 2722 1663 2800 aquai

308 2813 410 2868 665
437 2805 694 2866 dissimili
717 2806 912 2864 vivont
932 2806 1164 2883 specie,
1198 2807 1559 2883 retinentque
1582 2814 1876 2884 parentum

434 2898 688 2948 naturam
717 2898 776 2948 et
799 2906 989 2948 mores
1012 2892 1328 2966 generatim
1351 2907 1612 2969 quaeque
1635 2892 1932 2949 imitantur.

434 2981 588 3033 tanta
611 2980 734 3048 est,
763 2974 819 3031 in
841 2973 1044 3051 quovis
1066 2991 1286 3050 genere
1312 2974 1526 3034 herbae
1543 3018 1561 3049 ,
1586 2974 1836 3033 materiai

435 3055 723 3116 dissimilis
746 3058 887 3116 ratio
902 3102 920 3132 ‚
951 3066 1101 3116 tanta
1120 3059 1290 3117 estin
1315 3058 1540 3117 flumine
1564 3075 1813 3136 quoque.

434 3140 567 3198 hinc
596 3155 768 3217 porro
796 3142 1048 3217 quamvis
1074 3143 1408 3202 animantem
1428 3159 1504 3201 ex
1525 3142 1786 3201 omnibus
1810 3158 1973 3199 unam

304 3228 409 3283 670
435 3240 569 3294 ossa
598 3238 767 3281 cruor
784 3241 965 3283 venae
988 3224 1146 3285 calor
1169 3242 1336 3284 umor
1348 3229 1574 3286 viscera
1597 3227 1758 3286 nervi

438 3307 786 3364 constituunt
800 3317 988 3384 ‚qua'e
1015 3317 1143 3367 sunt
1165 3326 1340 3387 porro
1371 3308 1628 3368 distantia
1652 3308 1864 3385 longe

435 3386 689 3446 dissimili
721 3389 977 3465 perfecta
1004 3392 1178 3467 ligura
1203 3393 1622 3470 principiorum.
