2409 3825
981 195 1411 254 PRAEFATIO.
2107 220 2188 259 vn

156 385 195 423 a
217 366 445 424 bestiis.
509 366 682 420 Plane
719 363 920 420 eadem
953 381 1080 419 cum
1118 365 1530 435 importunitate
1563 367 1714 423 idem
1751 374 1986 441 nugator
2016 377 2189 442 panto

156 468 343 524 supra
379 466 506 505 cum
529 449 817 504 Lucretius
851 449 1228 519 quaesivisset

382 546 488 597 739
523 545 752 607 Denique
776 561 866 594 cur
887 545 1019 595 aeris
1042 544 1288 596 violentia
1306 547 1450 595 triste
1470 546 1675 596 leonum

522 615 794 665 seminium
814 615 1067 676 sequitur,
1090 614 1269 680 volpes
1292 615 1437 665 dolus
1459 626 1507 664 et
1526 614 1653 681 fuga
1675 632 1852 666 cervos

158 705 432 777 ascripsit
463 718 800 775 responsum

384 798 487 847 741
523 812 552 845 a
568 797 801 862 patribus
823 797 971 847 datur
988 804 1037 845 et
1056 797 1255 861 patrius
1272 812 1434 862 pavor
1451 797 1624 848 incitat
1643 805 1782 847 artus

159 887 261 942 ubi
291 892 349 941 et
367 874 595 948 ‘doctus
622 885 866 956 quidam'
891 886 1044 957 apud
1074 884 1401 939 Lambinum
1422 885 1906 957 interpolationem
1931 891 1986 939 et
2006 885 2184 942 Lach-

162 987 410 1025 mannus
434 969 704 1024 irridendi
728 970 972 1025 studium
1000 969 1232 1040 agnovit
1259 986 1331 1024 ex
1353 970 1474 1024 solo
1493 969 1891 1025 sententiarum
1908 986 2191 1025 connexu.

160 1054 227 1108 In
262 1072 333 1109 eo
366 1060 556 1110 autem
577 1055 722 1122 loc0‚
747 1052 820 1108 de
853 1070 963 1125 quo
989 1053 1210 1124 agImus
1240 1052 1364 1122 (111,
1394 1055 1735 1122 758—62),
1767 1054 1984 1110 accedit
2011 1056 2181 1110 inter-

161 1139 472 1210 polationis
499 1137 764 1192 indicium
793 1153 828 1193 a
859 1137 1150 1208 scripturis
1185 1136 1462 1192 codicum.
1528 1138 1727 1208 Neque
1762 1138 1910 1194 enim
1940 1139 1998 1194 in
2028 1139 2181 1194 codi-

162 1223 329 1277 cibus
354 1222 507 1277 idem
530 1220 591 1276 fit
613 1221 765 1292 quod
787 1221 843 1275 in
867 1221 1202 1277 editionibus
1229 1227 1285 1277 ut
1311 1226 1439 1293 post
1463 1238 1689 1278 versum
1716 1225 1818 1281 760
1839 1224 2000 1279 stulta
2025 1230 2190 1297 queat

156 1307 299 1377 fieri
338 1307 524 1361 statim
564 1312 830 1375 sequatur
868 1305 916 1360 is
969 1305 1126 1361 cuius
1159 1305 1375 1360 initium
1417 1313 1502 1361 est
1537 1322 1639 1362 nec
1682 1312 1792 1361 tam
1824 1307 2037 1377 ἀοείαε,
2081 1307 2187 1362 sed

161 1390 497 1445 interiicitur
531 1389 670 1445 alius
695 1390 774 1444 sic
798 1390 1057 1460 quideme

385 1483 488 1535 760
523 1483 681 1534 stulta
700 1493 853 1547 queat
870 1484 1008 1548 fleri,
1031 1497 1124 1534 nec
1144 1484 1372 1548 prudens
1392 1485 1459 1533 sit
1477 1501 1606 1550 puer
1630 1486 1794 1546 ulluS,

522 1554 682 1604 sinon
698 1590 716 1619 ,
739 1561 876 1603 certa
894 1569 989 1603 suo
1011 1553 1129 1616 quia
1148 1554 1343 1602 semine
1365 1555 1680 1617 seminioque

384 1621 486 1673 762
525 1637 616 1673 nec
635 1630 739 1671 tam
762 1623 939 1673 doc-tus
958 1636 1119 1685 equae
1137 1621 1314 1686 pullus
1335 1638 1487 1685 quam
1507 1623 1654 1672 fortis
1675 1626 1791 1687 equi
1813 1624 1904 1678 vis,
2150 1623 2172 1655 s

164 1712 281 1766 Iste
307 1710 527 1765 medius
562 1727 761 1768 versus
787 1712 1015 1766 iteratur
1048 1727 1119 1765 ex
1145 1727 1229 1766 vs.
1261 1712 1367 1766 744
1387 1708 1553 1763 huius
1584 1710 1707 1765 libri
1735 1711 1903 1780 tertii,
1931 1712 2020 1765 ubi
2051 1729 2191 1784 per-

165 1794 251 1867 git
272 1794 564 1849 Lucretius
587 1796 667 1850 sic
681 1817 698 1850 z
1469 1785 1476 1808 ³

386 1891 490 1940 744
524 1891 568 1939 si
586 1906 683 1941 non
696 1929 714 1951 ,
735 1898 872 1940 certa
892 1906 985 1940 suo
1005 1890 1127 1953 quia
1145 1888 1341 1939 semine
1363 1890 1677 1952 seminioque

385 1961 487 2010 745
522 1962 600 2010 vis
618 1962 772 2009 animi
790 1961 980 2025 pariter
998 1960 1183 2009 crescit
1203 1973 1320 2008 cum
1340 1975 1551 2024 corpore
1571 1968 1674 2010 toto
1687 1960 1712 2007 ⁸?

166 2062 287 2103 ram
312 2048 436 2101 talis
460 2047 675 2102 iteratio
712 2063 747 2101 a
770 2048 919 2101 nullo
950 2046 1155 2101 institui
1179 2047 1360 2117 potuit
1387 2047 1494 2100 nisi
1527 2047 1596 2101 ab
1631 2046 2059 2118 interpolatore,
2091 2048 2186 2116 qui

165 2130 405 2202 quidem
435 2148 503 2186 eo
529 2131 759 2186 consilio
783 2131 912 2186 illuc
949 2130 1236 2201 respicere
1275 2130 1433 2186 iussit
1463 2131 1731 2199 lectoreS,
1764 2138 1823 2185 ut
1858 2130 2042 2201 ipsum
2081 2131 2186 2185 sibi

166 2214 562 2271 contradicere
621 2216 944 2271 ostenderet
986 2214 1322 2270 Lucretium.
1415 2211 1600 2286 Supra
1645 2214 1793 2270 enirn
1848 2217 2010 2283 (744,
2050 2217 2190 2283 745)

164 2300 306 2370 quia
332 2299 445 2355 vim
474 2299 641 2354 animi
675 2300 883 2371 pariter
925 2314 1054 2353 cum
1084 2314 1323 2369 corpore
1359 2314 1617 2353 crescere
1648 2298 1832 2353 statuit
1861 2303 2059 2369 poeta,
2092 2297 2191 2353 hic

164 2384 336 2453 (760)
365 2399 465 2438 cur
496 2399 640 2456 puer
670 2385 852 2438 nullus
887 2383 956 2437 sit
977 2382 1230 2454 prudens
1253 2383 1586 2454 interrogari
1619 2399 1731 2437 non
1763 2383 2027 2438 debuisse
2062 2383 2184 2452 opi—

164 2472 338 2523 natus
371 2472 455 2522 est
488 2468 868 2539 interpolator.
964 2465 1199 2535 (Similis
1233 2467 1369 2521 ratio
1405 2482 1672 2523 versuum
1700 2470 2017 2525 646—-651
2060 2467 2186 2521 libri

165 2551 411 2607 secundi
441 2552 789 2607 iterationem
809 2556 939 2622 post
958 2551 1000 2621 1,
1022 2553 1092 2608 43
1118 2551 1453 2623 progenuit3
1486 2550 1601 2607 vid.
1625 2549 1769 2607 Nov.
1805 2550 1949 2604 Mus.
1980 2549 2086 2605 Rh.
2114 2551 2186 2618 V,

163 2636 326 2705 576.)
427 2635 515 2688 Ex
549 2635 751 2691 eadem
801 2635 968 2706 igitur
1008 2633 1267 2702 officina,
1314 2651 1386 2689 ex
1414 2650 1525 2705 qua
1557 2635 1771 2690 iteratio
1807 2635 1930 2702 illa,
1978 2633 2186 2706 produt

167 2719 341 2774 etiam
363 2734 566 2776 versus
597 2721 700 2774 iste
720 2734 823 2775 nec
845 2723 957 2774 tam
977 2719 1182 2789 doctu-3,
1219 2733 1330 2790 quo
1362 2718 1575 2790 logicas
1600 2718 1837 2791 ineptias
1860 2734 1994 2774 suas
2028 2734 2183 2774 scur-

162 2803 257 2858 rili
296 2802 554 2858 irrisione
586 2803 887 2860 cumulavit
926 2802 1295 2862 versificator.
1329 2801 1713 2873 —anndem
1760 2808 1945 2858 autem
1979 2804 2184 2858 malam

162 2903 399 2941 manum
431 2886 865 2958 deprehendere
897 2887 1060 2942 nobis
1091 2888 1355 2944 videmur
1389 2887 1446 2941 in
1473 2887 1674 2942 talibus
1697 2888 1957 2943 versibus
1988 2888 2187 2958 quales

164 2972 431 3043 leguntur
458 2971 550 3041 111,
573 2974 706 3038 6833
742 2972 834 3042 IV,
859 2974 992 3038 7933
1032 2971 1102 3039 V,
1127 2975 1262 3038 312,
1308 2971 1429 3041 qui,
1461 2971 1569 3024 nisi
1594 2970 1850 3027 codicum
1878 2970 2186 3043 scripturas

162 3055 449 3112 violenter
477 3057 779 3112 mutaveris
798 3097 813 3124 ,
849 3071 960 3110 non
991 3060 1255 3128 poterunt
1286 3055 1741 3110 Lucretianorum
1767 3056 2068 3111 verborum
2101 3062 2180 3109 te-

164 3139 292 3194 nori
316 3138 593 3210 adaptari.
673 3137 877 3196 Contra
911 3146 1005 3194 aut
1037 3138 1172 3196 nihil
1201 3145 1297 3194 aut
1331 3139 1619 3196 levissima
1642 3139 1910 3196 mutanda
1931 3145 2087 3211 sunt,
2127 3143 2186 3192 ut

164 3224 260 3279 vel
285 3222 474 3278 irrisio
503 3224 592 3279 vel
617 3224 910 3295 explicatio
935 3223 1346 3294 interpolatoris
1379 3230 1665 3295 appareat.

288 3306 417 3362 Duo
447 3305 593 3362 haec
628 3302 1068 3380 corruptelarurr'i
1109 3323 1323 3378 genera
1355 3308 1497 3362 ultra
1530 3305 1707 3375 fines,
1745 3322 1886 3378 quos
1928 3305 2010 3359 eis
2043 3320 2184 3359 con-

164 3390 337 3448 stituit
356 3390 753 3448 Lachmannus
773 3433 788 3462 ‚
818 3393 1098 3465 pertinere
1128 3391 1468 3462 putavimus,
1527 3388 1875 3446 Contrarium
1898 3386 2098 3442 accidit
2125 3387 2183 3439 ln

163 3493 236 3533 eo
263 3492 516 3549 genere,
547 3475 623 3532 ad
655 3476 806 3547 quod
832 3477 942 3532 iam
968 3475 1266 3531 transimus
1300 3472 1564 3545 quodque
1592 3473 1901 3527 continetur
1922 3482 2179 3524 versuum

2179 3718 2377 3792 ῃ..
