2409 3825
195 179 294 254 x.]
1036 179 1272 240 mna.

287 341 390 407 Ibi
430 342 548 407 illa
585 343 791 407 multa
830 345 973 408 tum
1014 343 1234 410 iocosa
1273 343 1543 428 fiebant,

287 425 464 502 Quae
504 430 577 491 tu
617 427 877 492 volebas
919 437 1040 493 nec
1081 429 1295 512 puella
1335 429 1614 496 nolebat.

285 510 547 575 Fulsere
587 532 735 576 vere
779 511 1033 577 candidi
1074 512 1195 576 tibi
1238 513 1424 578 soles.

284 594 479 660 Nunc
518 594 650 659 iam
689 596 802 660 illa
829 617 965 660 non
991 596 1160 662 vult:
1200 598 1275 660 tu
1303 618 1574 682 quoque,
1603 597 1924 695 inpotens,
1951 597 2089 662 noli

283 678 353 745 N
355 700 427 744 ec
512 700 630 744 uae
671 679 842 764 fugit
885 682 1154 763 sectare,
1197 701 1318 745 nec
1357 681 1552 746 miser
1591 703 1766 768 νινε,

287 763 413 828 Sed
457 783 496 827 o
543 763 784 828 stinata
824 767 1040 829 mente
1081 765 1324 848 perfer,
1378 764 1639 832 obdura.

284 847 479 930 Vale,
522 848 756 932 puella.
822 848 952 913 iam
996 846 1284 913 Catullus
1329 848 1628 935 obdurat,

283 931 351 999 N
354 952 426 996 ec
466 935 532 995 te
572 953 608 995 r
687 931 854 997 uiret
893 953 1013 997 nec
1055 933 1312 1018 rogabit
1357 932 1656 1000 invitam:

284 1017 381 1081 At
419 1018 493 1080 tu
536 952 782 1081 do‘lgbis
792 1065 812 1100 ,
858 1037 1004 1081 cum
1045 1016 1377 1102 rogaberis
1417 1019 1612 1083 nulla.

287 1099 598 1183 Scelesta,
640 1120 759 1165 vae
798 1102 892 1165 te!
939 1121 1099 1197 quae
1140 1101 1262 1166 tibi
1303 1105 1520 1168 manet
1558 1102 1722 1168 vital

286 1183 445 1260 Quis
487 1204 661 1250 nunc
700 1187 768 1249 te
811 1184 1058 1250 adib1t?
1104 1186 1208 1250 cui
1249 1186 1565 1252 videberis
1607 1187 1822 1253 bella?

286 1268 491 1344 Quem
531 1289 705 1333 nunc
747 1269 1033 1335 amabis}>
1080 1269 1260 1335 cuius
1304 1291 1444 1335 esse
1487 1270 1758 1336 diceris?

286 1352 494 1428 Quem
533 1351 854 1417 basiabis‘?
902 1353 1004 1417 cui
1045 1353 1280 1418 labella
1320 1354 1685 1420 mordebis?

285 1438 380 1501 At
419 1439 524 1521 tu,
569 1435 852 1520 Catulle,
898 1436 1250 1502 destinatus
1295 1438 1556 1504 obdura.

1045 1651 1274 1726 VIIII.

283 1772 558 1857 Verani,
602 1773 898 1839 omnibus
942 1794 978 1839 e
1018 1774 1179 1839 meis
1225 1774 1446 1841 amicis

283 1858 628 1924 Antistans
671 1857 831 1924 mihi
872 1858 1132 1924 milibus
1174 1860 1509 1944 trecentis,

283 1942 624 2008 Venistine
668 1943 927 2008 domum
968 1942 1050 2008 ad
1091 1947 1240 2009 tuos
1284 1943 1558 2011 Penates

283 2027 667 2112 Fratresque
711 2028 1050 2094 unanimos
1093 2050 1411 2126 anumque
1452 2029 1771 2095 matrem?

284 2111 559 2176 Venisti.
627 2133 666 2177 o
709 2111 869 2177 mihi
910 2112 1122 2177 nuntii
1163 2113 1365 2181 beati!

284 2195 511 2260 Visam
551 2198 617 2261 te
659 2196 1044 2262 incolumem
1087 2197 1463 2282 audiamque
1504 2197 1818 2264 Hiberum

283 2279 672 2345 Narrantem
715 2280 888 2365 loca,
930 2281 1103 2346 facta
1112 2331 1132 2364 ,
1175 2283 1503 2368 nationes,

284 2362 380 2428 Vt
418 2384 561 2429 mos
605 2367 703 2429 est
742 2367 917 2448 tuus,
962 2366 1413 2450 adplicansque
1458 2367 1694 2433 collum

283 2447 641 2512 Iocundum
684 2469 757 2513 os
800 2449 1141 2533 oculosque
1185 2452 1543 2518 suaviabor.

288 2531 343 2596 Ο
389 2533 761 2615 quantumst
799 2532 1132 2598 hominum
1172 2534 1529 2599 beafiorum
1539 2585 1562 2620 ,

287 2615 459 2691 Quid
498 2638 602 2681 me
645 2616 873 2682 laetius
918 2621 1017 2683 est
1058 2618 1430 2683 beatiusve‘?

1114 2834 1205 2908 X.

282 2953 496 3019 'Varus
540 2977 642 3020 me
683 2976 862 3020 meus
907 2956 989 3020 ad
1032 2977 1180 3022 suos
1225 2977 1475 3022 amores

252 3084 255 3087 -
283 3038 514 3103 Visum
558 3040 825 3105 duxerat
866 3061 901 3106 e
943 3040 1086 3105 foro
1132 3042 1441 3124 otiosum,

287 3122 656 3188 Scortillum
668 3172 688 3207 ,
731 3128 807 3188 ut
845 3124 1006 3188 mihi
1046 3128 1187 3189 tum
1227 3127 1490 3210 repente
1532 3124 1830 3208 visumst,

283 3206 439 3273 Non
482 3229 637 3273 sane
678 3208 1034 3293 inlepidum
1074 3230 1282 3293 neque
1324 3210 1751 3275 invenustum.

284 3290 433 3357 Huc
473 3294 549 3357 ut
587 3293 911 3378 venimus,
955 3293 1236 3358 incidere
1278 3293 1468 3358 nobis

286 3376 628 3443 Sermones
669 3378 859 3461 varii,
903 3378 975 3442 in
1017 3378 1274 3462 quibus,
1320 3376 1473 3462 quid
1515 3381 1684 3442 esset

284 3460 427 3530 Iam
467 3460 807 3547 Bithynia,
853 3484 977 3547 quo
1022 3462 1214 3527 modo
1259 3484 1326 3527 se
1368 3461 1666 3544 haberet,

2066 694 2136 745 10

2066 1114 2134 1167 15

2067 2548 2138 2598 10
