2409 3825
264 204 349 278 94
1221 209 1299 269 lv

340 392 410 446 90
439 385 514 442 ex
535 379 651 440 alto
674 380 804 458 quia
827 376 956 437 dum
976 378 1243 453 veniunt,
1269 377 1614 437 extrinsecu’
1638 386 1789 438 torte

437 463 768 525 scinduntur
788 479 895 541 per
914 463 1024 522 iter
1048 461 1254 520 flexum
1268 504 1286 535 ‚
1313 479 1424 520 nec
1445 470 1606 520 recta
1626 463 1837 521 viarum

438 550 582 609 ostia
607 555 735 608 sunt
750 592 768 623 ,
796 563 909 625 qua
934 544 1275 605 contendant
1294 545 1455 604 exire
1479 554 1692 605 coorta.

436 642 492 692 at
515 639 712 692 contra
733 631 918 690 tenuis
943 629 1140 689 summi
1161 627 1482 687 membrana
1506 627 1718 690 coloris

438 733 566 776 cum
588 716 821 790 iacitur,
846 710 923 772 nil
946 721 1038 772 est
1063 711 1217 790 quod
1237 728 1360 771 eam
1382 712 1718 791 discerpere
1739 715 1958 792 possit,

341 809 409 863 95
437 802 494 859 in
515 806 780 877 promptu
804 798 1065 875 quoniam
1087 806 1178 856 est
1198 797 1255 854 in
1277 797 1455 873 prima
1474 792 1664 856 stonte
1687 796 1892 857 locata.

438 891 730 963 postremo
753 877 1007 959 speculis
1029 880 1085 938 in
1108 896 1252 959 aqua
1274 878 1699 958 splendoreque
1720 883 1779 940 in
1801 882 1949 940 omni

440 977 829 1045 quaecumque
852 973 1126 1042 apparent
1146 963 1313 1023 nobis
1336 962 1633 1023 simulacra
1647 1010 1664 1040 ,
1689 972 2035 1041 necessest,

438 1047 888 1129 quandoquidem
909 1045 1076 1108 simili
1098 1048 1300 1126 specie
1324 1056 1453 1108 sunt
1476 1047 1729 1127 praedita
1749 1066 1939 1109 rerum
1952 1095 1969 1125 ,

438 1134 641 1194 excita
662 1132 994 1209 imaginibus
1017 1132 1203 1192 missis
1227 1133 1546 1192 consistere
1567 1150 1783 1193 rerum:

312 1229 416 1280 100
444 1217 594 1295 [nam
616 1234 717 1276 cur
738 1214 835 1275 illa
859 1213 1056 1275 cadant
1079 1216 1259 1292 magis
1282 1215 1352 1275 ab
1375 1215 1665 1294 rebusque
1687 1215 1958 1277 recedant

439 1318 606 1381 quam
626 1318 773 1379 quae
793 1301 983 1359 tenvia
1007 1309 1137 1360 sunt
1159 1298 1473 1361 hiscendist
1494 1298 1649 1360 nulla
1669 1301 1950 1379 potestas]

438 1393 568 1446 sunt
587 1386 759 1462 igitur
781 1391 982 1444 tenues
1009 1383 1312 1443 formarum
1333 1382 1447 1444 illis
1470 1382 1804 1463 similesque

439 1469 666 1546 effigiae
681 1514 699 1547 ‚
724 1466 1049 1545 singillatim
1072 1485 1212 1545 quas
1237 1485 1477 1527 cernere
1499 1483 1666 1528 nemo

441 1571 568 1614 cum
601 1553 785 1632 possit
806 1561 993 1611 tamen
1009 1597 1027 1629 ,
1052 1550 1289 1612 adsiduo
1314 1551 1636 1630 crebroque
1656 1551 1891 1631 repulsu

311 1647 412 1699 105
434 1639 686 1697 reiectae
707 1635 947 1696 reddunt
970 1634 1339 1714 speculorum
1362 1653 1437 1695 ex
1456 1652 1708 1714 aequore
1732 1638 1913 1696 visum
1928 1683 1945 1712 ‚

436 1741 547 1781 nec
569 1722 785 1781 ratione
809 1718 917 1779 alia
939 1721 1155 1780 servari
1177 1736 1357 1798 posse
1387 1719 1682 1797 videntur,

436 1814 591 1865 tanto
616 1821 797 1882 opere
816 1812 877 1864 ut
900 1802 1115 1863 similes
1138 1802 1444 1863 reddantur
1467 1806 1673 1882 cuique
1696 1803 1929 1881 figurae.

519 1887 685 1948 Nunc
706 1906 815 1966 age
831 1933 849 1964 ‚
876 1905 1041 1966 quam
1061 1888 1220 1948 tenui
1241 1896 1435 1947 natura
1459 1897 1684 1949 constet
1706 1889 1893 1966 imago

438 1975 697 2051 percipe.
724 1982 783 2032 et
805 1974 861 2030 in
884 1973 1079 2050 primis
1096 2017 1114 2049 ‚
1143 1974 1406 2051 quoniam
1427 1971 1729 2051 primordia
1750 1981 1957 2033 tantum

314 2067 418 2118 110
439 2064 568 2117 sunt
589 2055 733 2115 infra
751 2063 980 2116 nostros
1003 2061 1210 2116 sensus
1234 2065 1502 2134 tantoque
1525 2058 1736 2115 minora

438 2156 603 2218 quam
624 2157 771 2219 quae
794 2140 1032 2219 primum
1054 2139 1207 2199 oculi
1232 2149 1501 2219 coeptant
1524 2157 1636 2199 non
1656 2157 1833 2219 posse
1855 2142 2001 2201 tueri
2015 2186 2033 2217 ‚

436 2241 586 2283 nunc
609 2232 795 2284 tamen
818 2222 873 2281 id
902 2240 1133 2302 quoque
1153 2226 1235 2283 uti
1261 2224 1586 2284 confirmem
1603 2270 1621 2302 ‚
1653 2224 1886 2284 exordia
1906 2231 2103 2284 r'erum

441 2300 768 2367 cun'ctarum
791 2325 955 2387 quam
976 2309 1088 2367 sint
1113 2306 1344 2386 suptilia
1366 2309 1605 2387 percipe
1629 2310 1844 2387 paucis.

437 2392 675 2470 primum
695 2390 946 2451 animalia
967 2400 1097 2452 sunt
1117 2393 1226 2451 iam
1246 2393 1446 2470 partim
1465 2392 1676 2452 tantula
1691 2438 1708 2471 ‚
1732 2409 1969 2471 quorum

312 2486 412 2537 115
436 2476 601 2535 tertia
622 2492 753 2553 pars
775 2474 929 2535 nulla
951 2477 1135 2554 possit
1160 2479 1378 2535 ratione
1399 2473 1600 2536 videri.

436 2559 636 2619 horum
657 2560 981 2620 intestinum
1005 2558 1247 2637 quodvis
1272 2559 1439 2637 quale
1464 2578 1598 2620 esse
1621 2559 2011 2639 putandumst!

438 2642 570 2723 quid
594 2643 782 2704 cordis
808 2641 1016 2721 globus
1045 2652 1138 2703 aut
1164 2641 1362 2703 oculi?
1386 2643 1520 2723 quid
1541 2640 1833 2704 membra?
1869 2645 2001 2721 quid
2026 2655 2207 2708 artus
2225 2647 2270 2710 Ῠ

345 2748 353 2754 ·
437 2726 700 2806 quantula
723 2726 881 2789 sunt!
905 2727 1038 2805 quid
1062 2737 1364 2805 praeterea
1389 2727 1689 2807 primordia
1712 2744 1971 2807 quaeque
1990 2775 2009 2805 ‚

433 2811 584 2871 unde
608 2813 786 2871 anima
807 2820 977 2889 atque
1002 2811 1167 2869 animi
1193 2820 1422 2872 constet
1443 2820 1635 2871 natura
1653 2808 2057 2872 necessumst?

310 2906 413 2959 120
433 2912 621 2955 nonne
643 2894 807 2955 vides
832 2911 996 2973 quam
1023 2895 1133 2955 sint
1156 2894 1384 2954 subtilia
1407 2913 1687 2974 quamque
1710 2893 1958 2955 minuta?

433 2987 733 3058 praeterea
756 2995 1149 3058 quaecumque
1174 2996 1282 3039 suo
1305 2978 1378 3039 de
1405 2996 1652 3058 corpore
1678 2977 1911 3040 odorem

435 3065 693 3143 expirant
714 3080 940 3139 acrem,
963 3078 1213 3141 panaces
1229 3107 1247 3138 ‚
1272 3061 1549 3123 absinthia
1571 3071 1751 3123 taetra
1766 3109 1783 3140 ,

431 3147 843 3225 habrotonique
867 3163 1075 3225 graves
1099 3153 1158 3206 et
1177 3147 1360 3206 tristia
1384 3155 1686 3206 centaurea
1701 3191 1719 3222 ‚

434 3247 671 3309 quorum
693 3247 862 3290 unum
892 3228 1113 3307 quidvis
1144 3228 1354 3290 leviter
1374 3231 1422 3289 si
1450 3229 1601 3290 forte
1629 3229 1851 3289 duobus

1240 3337 1274 3373 t

306 3476 405 3528 125
434 3467 565 3545 quin
594 3466 783 3544 potius
805 3482 1014 3529 noscas
1036 3484 1226 3527 rerum
1246 3466 1543 3528 simulacra
1572 3468 1764 3546 vagari
