2409 3825
1088 197 1139 255 V
1992 199 2115 262 159

39 438 42 447 ι
279 378 451 445 atque
478 365 800 426 lacunarum
823 365 1043 429 fuerant
1066 367 1310 443 vestigia
1335 366 1560 442 cuique.

136 461 254 513 1260
280 462 394 510 tum
420 449 757 530 penetrabat
785 467 889 509 eos
915 466 1092 528 posse
1116 448 1261 509 haec
1286 448 1593 527 liquefacta
1622 451 1814 511 calore

284 534 592 612 quamlibet
620 535 676 591 in
707 532 940 592 formam
969 541 1027 591 et
1049 531 1256 592 faciem
1286 531 1593 593 decurrere
1616 551 1801 593 rerum
1819 581 1838 612 ,

282 628 339 678 et
361 632 628 697 prorsum
658 617 912 694 quamvis
937 617 992 674 in
1019 624 1183 675 acuta
1204 633 1274 674 ac
1297 618 1486 676 tenvia
1511 633 1691 695 posse

282 717 615 760 mucronum
638 699 766 759 duci
790 698 1011 775 fastigia
1038 698 1408 776 procudendo
1423 745 1442 776 ,

282 795 340 844 ut
367 784 476 844 sibi
505 782 621 843 tela
650 782 881 858 darent,
907 781 1196 860 silvasque
1228 792 1288 842 ut
1309 784 1551 843 caedere
1575 796 1814 862 possent

139 877 253 930 1265
283 868 689 943 materiemque
716 866 882 925 domo
901 912 918 942 ‚
949 865 1144 925 levare
1165 883 1235 924 ac
1261 867 1462 926 radere
1486 869 1638 944 tigna

284 959 341 1010 et
363 950 664 1011 terebrare
694 951 863 1009 etiam
887 967 957 1008 ac
983 948 1326 1026 pertundere
1351 967 1568 1028 perque
1595 951 1799 1010 forare.

283 1053 392 1094 nec
420 1035 604 1093 minus
628 1041 865 1109 argento
888 1032 1083 1092 facere
1108 1031 1253 1091 haec
1281 1051 1533 1111 auroque
1555 1035 1823 1112 parabant

283 1135 452 1195 quam
479 1116 649 1176 validi
673 1118 910 1194 primum
930 1116 1198 1176 violentis
1228 1117 1441 1176 viribus
1462 1120 1610 1177 aeris
1625 1163 1643 1194 ‚

285 1203 629 1278 nequiquam
644 1245 661 1275 ‚
687 1201 950 1278 quoniam
973 1200 1217 1259 cedebat
1239 1201 1388 1259 victa
1411 1210 1670 1279 potestas

39 1294 40 1297 ’
133 1292 253 1346 1270
282 1303 395 1345 nec
424 1293 648 1362 poterat
671 1282 1105 1360 pariterdurum
1134 1283 1374 1343 sufferre
1401 1283 1671 1344 laborem.

39 1372 40 1377 ’
281 1379 400 1428 tum
424 1368 528 1427 fuit
551 1367 607 1424 in
636 1370 822 1443 pretio
854 1369 1031 1445 magis
1061 1385 1171 1426 aes
1189 1413 1207 1443 ‚
1231 1384 1540 1445 aurumque
1568 1367 1788 1427 iacebat

281 1461 522 1530 propter
549 1450 905 1510 inutilitatem
932 1450 1128 1509 hebeti
1154 1467 1427 1510 mucrone
1450 1460 1737 1511 retusum:

39 1566 42 1635 ἑ
282 1554 432 1595 nunc
460 1536 608 1594 iacet
637 1551 737 1594 aes
753 1578 770 1610 ‚
792 1551 987 1594 aurum
1016 1536 1072 1592 in
1096 1552 1372 1595 summum
1394 1536 1675 1596 successit
1697 1534 1991 1598 honorem.

39 1670 42 1747 i
135 1706 253 1763 1275
284 1616 859 1780 330303322232233
876 1627 1712 1778 fssffiffi‘sffigfflhffiz

38 1762 50 1861 ,s
284 1802 457 1863 porro
480 1784 618 1843 aliut
646 1785 908 1844 succedit
936 1793 995 1843 et
1025 1803 1058 1844 e
1082 1785 1503 1862 contemptibus
1533 1787 1683 1861 exit,

285 1873 454 1947 inque
481 1867 603 1928 dies
632 1869 810 1946 magis
835 1866 1120 1946 adpetitur
1148 1868 1430 1947 floretque
1455 1877 1773 1949 repertum‘

285 1953 545 2013 laudibus
566 1962 625 2011 et
646 1954 787 2011 miro
810 1961 901 2012 est
924 1952 1175 2014 mortalis
1198 1956 1343 2012 inter
1364 1952 1599 2013 honore.

366 2035 531 2095 Nunc
553 2036 654 2094 tibi
679 2052 792 2112 quo
823 2045 992 2113 pacto
1016 2035 1152 2095 ferri
1176 2046 1369 2096 natura
1390 2047 1618 2114 reperta
1686 2055 1693 2060 ·

39 2119 42 2158 ¹
134 2128 256 2181 1280
283 2123 353 2182 sit
378 2118 605 2179 facilest
625 2121 734 2196 ipsi
759 2137 865 2197 per
883 2129 949 2201 te·
975 2136 1368 2197 cognoscere,
1397 2120 1641 2180 Memmi.

39 2221 40 2230 ¹
285 2221 434 2264 arma
458 2203 684 2280 antiqua
708 2220 902 2261 manus
926 2221 1146 2280 ungues
1169 2202 1486 2286 dentesque
1511 2204 1734 2264 fuerunt
1751 2250 1768 2281 ,

285 2297 342 2347 et
367 2285 587 2364 lapides
610 2296 669 2345 et
692 2287 828 2345 item
852 2285 1118 2345 silvarum
1143 2286 1415 2364 fragmina
1443 2291 1611 2365 rami,

286 2381 344 2430 et
373 2370 589 2429 flamma
609 2378 777 2447 atque
801 2371 966 2447 ignes
982 2415 1004 2448 ‚
1026 2380 1323 2449 postquam
1348 2381 1477 2431 sunt
1499 2374 1722 2449 cognita
1748 2374 2007 2450 primum.

39 2515 40 2518 ,
286 2454 574 2530 posterius
603 2452 738 2512 ferri
759 2455 847 2513 vis
871 2462 961 2513 est
985 2456 1250 2531 aerisque
1276 2465 1522 2531 reperta.

38 2567 48 2616 g
138 2544 255 2597 1285
290 2547 350 2597 et
374 2538 540 2614 prior,
556 2538 706 2595 aeris
733 2546 854 2596 erat
884 2553 1048 2613 quam
1071 2537 1208 2597 ferri
1233 2541 1494 2615 cognitus
1523 2556 1696 2615 usu8‚

39 2619 42 2626 ⁴
286 2638 401 2697 quo
430 2619 615 2681 facilis
637 2621 816 2696 magis
840 2630 931 2680 est
958 2630 1150 2680 natura
1175 2630 1234 2679 et
1260 2623 1424 2698 copia
1456 2625 1647 2681 maior.

281 2722 416 2763 aere
443 2702 626 2763 solum
653 2712 839 2763 terrae
858 2704 1201 2780 tractabant,
1227 2721 1475 2781 aereque
1506 2703 1643 2764 belli

283 2785 603 2847 miscebant
632 2786 837 2848 fluctus
861 2797 920 2847 et
942 2786 1173 2847 vulnera
1196 2797 1353 2847 vasta
1376 2788 1643 2847 serebant

39 2935 42 2940 ³
285 2880 343 2930 et
365 2887 549 2949 pecus
571 2878 741 2947 atque
763 2887 934 2947 agros
963 2871 1307 2932 adimebant:
1332 2888 1459 2930 nam
1485 2869 1653 2931 facile
1680 2870 1810 2932 ollis

39 2981 42 2990 ’
141 2959 259 3014 1290
286 2955 470 3013 omnia
496 2952 775 3013 cedebant
797 2955 1022 3015 armatis
1043 2955 1189 3015 nuda
1219 2964 1277 3013 et
1300 2956 1528 3013 inerma.

283 3035 412 3097 inde
436 3037 745 3095 minutatim
769 3040 1055 3113 processit
1078 3037 1300 3112 ferreus
1327 3040 1480 3100 ensis
1496 3084 1513 3114 ‚

282 3136 570 3197 versaque
597 3121 652 3178 in
679 3120 1045 3197 obprobrium
1066 3123 1299 3200 species
1324 3131 1413 3181 est
1435 3121 1599 3181 falcis
1621 3121 1833 3181 ahenae
1853 3167 1870 3199 ‚

284 3214 341 3264 et
369 3204 527 3263 ferro
553 3219 807 3280 coepere
837 3203 1019 3264 solum
1042 3205 1415 3281 proscindere
1438 3203 1626 3265 terrae

39 3205 46 3382 Ι
284 3294 714 3364 exaequataque
739 3297 869 3346 sunt
893 3290 1116 3363 creperi
1140 3291 1440 3348 certamIna
1463 3288 1618 3348 belli.

158 3376 252 3431 295
285 3381 342 3431 et
369 3372 528 3449 prius
554 3379 643 3429 est
665 3379 938 3429 armatum
958 3370 1017 3428 in
1039 3371 1171 3447 equi
1197 3372 1590 3430 conscendere
1614 3380 1806 3431 costas

39 3463 42 3514 ᾗ

39 3039 42 3122 'i

288 3466 344 3514 et
366 3453 716 3513 moderarier
742 3452 892 3511 hunc
921 3451 1097 3513 frenis
1120 3453 1430 3529 dextraque
1453 3456 1651 3529 vigere
