2409 3825
1059 172 1138 231 lv

250 342 544 422 principio
569 339 1071 418 quoniam-mittunt
1093 340 1146 397 in
1169 337 1345 397 rebus
1370 338 1584 415 apertis

258 442 513 504 corpora
535 443 630 484 res
654 422 861 483 multae
877 468 896 500 ‚
921 424 1122 500 partim
1146 421 1346 483 diffusa
1371 419 1561 482 solute
1578 466 1595 498 ‚
1630 417 1635 421 ’

255 510 474 569 robora
500 525 609 568 ceu
634 507 842 567 fumum
862 508 1082 565 mittunt
1104 506 1386 583 ignesque
1414 522 1687 583 vaporem
1703 549 1721 581 ‚

153 606 234 658 55
267 603 330 654 et
354 594 552 672 partim
575 600 843 652 contexta
861 592 1041 667 magis
1068 588 1471 669 condensaque
1486 634 1506 665 ‚
1530 597 1590 647 ut
1616 587 1750 648 olim

272 695 402 737 cum
422 678 623 737 teretis
647 683 864 755 ponunt
885 675 1104 734 tunicas
1127 681 1346 734 aestate
1372 672 1603 733 cicadae
1621 718 1640 749 ‚

270 771 335 822 et
356 759 515 821 vituli
538 776 672 829 cum
688 757 1039 818 membranas
1069 757 1140 817 de
1167 773 1411 835 corpore
1439 772 1655 816 summo

271 853 577 905 nascentes
601 846 854 919 mittunt,
879 851 938 903 et
959 844 1096 902 item
1124 859 1251 901 cum
1271 838 1488 900 lubrica
1511 857 1753 919 serpens

275 931 431 990 exuit
447 930 504 987 in
526 929 705 1007 spinis
729 935 978 987 vestem:
1000 943 1127 984 nam
1147 942 1326 1003 saepe
1348 923 1604 985 videmus

151 1025 240 1080 fio
272 1013 497 1073 illorum
520 1009 722 1090 spoliis
742 1028 954 1090 vepres
976 1009 1343 1069 volitantibus
1362 1017 1588 1068 auctas:

278 1115 423 1176 quae
446 1097 704 1175 quoniam
727 1095 863 1154 liunt
877 1139 898 1171 ,
920 1096 1107 1154 tenuis
1133 1109 1362 1170 quoque
1385 1091 1557 1152 debet
1579 1093 1764 1169 imago

276 1182 348 1241 ab
370 1181 545 1242 rebus
568 1181 741 1255 mitti,
765 1195 981 1238 summo
1008 1177 1080 1237 de
1106 1193 1352 1255 corpore
1376 1194 1580 1243 rerum.

275 1282 402 1324 nam
426 1282 527 1324 cur
549 1263 654 1323 illa'
670 1263 868 1323 cadant
891 1263 1071 1341 magis
1094 1262 1166 1322 ab
1192 1260 1479 1343 rebusque
1501 1265 1773 1326 recedant

279 1367 443 1428 quam
467 1366 612 1426 quae
634 1350 822 1408 tenvia
845 1358 1008 1425 sunt,
1038 1347 1354 1409 hiscendist
1373 1347 1527 1410 nulla
1546 1358 1836 1428 potestas;

161 1444 245 1499 65
274 1433 610 1513 praesertim
635 1449 762 1491 cum
785 1433 975 1491 sintin
997 1433 1226 1492 summis
1252 1451 1494 1510 corpora
1519 1434 1693 1493 rebus

279 1516 450 1576 multa
469 1518 678 1575 minuta
692 1561 710 1593 ‚
735 1516 854 1583 iaci,
869 1533 1013 1594 quae
1035 1518 1259 1595 possint
1282 1517 1478 1576 ordine
1502 1516 1707 1577 eodem

280 1618 394 1679 quo
418 1599 655 1676 fuerint,
684 1609 742 1659 et
765 1599 963 1659 formai
983 1619 1218 1661 servare
1241 1601 1473 1677 figuram
1488 1645 1506 1676 ‚

280 1693 341 1744 et
365 1682 543 1744 multo
566 1685 732 1744 citius
746 1728 767 1760 ,
793 1693 1001 1762 quanto
1022 1687 1205 1744 minus
1227 1684 1545 1762 indupediri

278 1785 459 1848 pauca
484 1777 700 1846 queunt
725 1775 785 1827 et
808 1783 969 1845 quae
990 1779 1121 1829 sunt
1143 1770 1321 1847 prima
1345 1768 1535 1828 fronte
1555 1766 1759 1827 locata.

168 1862 248 1917 70
277 1869 404 1912 nam
424 1860 584 1913 certe
607 1853 796 1913 iacere
820 1869 889 1913 ac
910 1850 1105 1930 largiri
1126 1852 1301 1912 multa
1321 1852 1578 1913 videmus
1596 1898 1614 1930 ,

277 1953 393 1995 non
415 1934 601 1997 solum
622 1954 696 1997 ex
714 1934 829 2002 alto
850 1938 1194 2016 penitusque
1211 1983 1230 2015 ‚
1254 1946 1314 1996 ut
1337 1937 1575 2000 diximus
1599 1946 1726 1998 ante
1744 1983 1763 2014 ‚

274 2038 475 2081 verum
505 2020 576 2081 de
599 2022 828 2080 summis
856 2022 1042 2098 ipsum
1066 2021 1297 2099 quoque
1327 2039 1505 2098 saepe
1530 2021 1800 2083 colorem.

276 2115 338 2165 et
365 2102 542 2180 volgo
564 2103 772 2164 faciunt
796 2103 852 2163 id
875 2103 1026 2163 lutea
1046 2122 1323 2183 russaque
1343 2104 1475 2166 vela

278 2198 340 2249 et
362 2188 681 2265 ferrugina,
714 2205 872 2265 cum,
903 2190 1120 2266 magnis
1143 2191 1356 2248 intenta
1376 2189 1612 2250 theatris
1630 2235 1648 2266 ‚

170 2283 248 2337 ⁷5
279 2291 389 2352 per
409 2269 586 2331 malos
609 2270 836 2349 volgata
858 2272 1167 2350 trabesque
1191 2276 1490 2334 trementia
1519 2274 1740 2334 flutant:

275 2374 518 2436 namque
544 2355 621 2415 ibi
644 2372 979 2416 consessum
1002 2358 1197 2417 caveai
1220 2367 1422 2436 supter
1450 2368 1508 2418 et
1531 2375 1752 2418 omnem

280 2440 510 2499 scaenai
532 2441 789 2519 speciem
813 2437 1022 2499 claram
1043 2441 1366 2518 variamque
1391 2441 1670 2519 deorsum

276 2523 530 2584 inficiunt
551 2532 878 2601 coguntque
900 2542 1006 2585 suo
1030 2524 1247 2585 fluitare
1272 2524 1501 2585 colore:

280 2615 342 2667 et
368 2615 574 2685 quanto
597 2610 810 2667 circum
831 2626 996 2685 mage
1020 2616 1150 2669 sunt
1171 2607 1389 2668 inclusa
1410 2608 1612 2668 theatri

166 2701 251 2756 80
276 2692 503 2751 moenia
518 2737 536 2769 ,
559 2700 672 2752 tam
688 2693 871 2769 magis
894 2692 1040 2752 haec
1061 2693 1214 2753 intus
1236 2691 1471 2771 perfusa
1492 2690 1694 2770 lepore

276 2776 464 2836 omnia
487 2775 781 2835 conrident
804 2785 1069 2855 correpta
1092 2775 1224 2835 luce
1249 2775 1380 2835 diei.

278 2875 425 2936 ergo
449 2858 620 2919 lintea
645 2859 716 2918 de
740 2877 955 2920 summo
983 2878 1109 2919 cum
1133 2877 1380 2939 corpore
1406 2860 1597 2919 fucum

275 2944 533 3020 mittunt,
559 2941 780 3021 effigias
806 2961 1035 3023 quoque
1061 2944 1272 3005 debent
1295 2946 1520 3004 mittere
1541 2943 1728 3006 tenvis

273 3044 376 3087 res
400 3045 661 3105 quaeque
678 3072 695 3105 ‚
723 3045 797 3088 ex
821 3045 1038 3087 summo
1060 3029 1323 3107 quoniam
1343 3027 1655 3087 iaculantur
1682 3036 1937 3103 utraque.

150 3120 239 3178 85
275 3119 409 3171 sunt
429 3112 603 3188 igitur
623 3112 729 3169 iam
751 3111 1050 3171 formarum
1071 3113 1314 3189 vestigia
1340 3122 1529 3190 certa,

274 3212 426 3273 quae
448 3194 626 3272 volgo
651 3194 887 3256 volitant
910 3196 1103 3274 suptili
1127 3194 1381 3275 praedita
1402 3194 1498 3255 filo

270 3296 390 3338 nec
412 3277 738 3357 singillatim
760 3290 1000 3358 possunt
1025 3289 1252 3341 secreta
1270 3279 1470 3339 videri.

269 3371 579 3441 praeterea
602 3365 780 3423 omnis
810 3363 983 3441 odor,
1009 3363 1191 3424 fumus
1209 3409 1226 3439 ‚
1251 3367 1462 3441 vapor,
1488 3371 1658 3442 atque
1681 3362 1824 3422 aliae
1848 3380 1944 3420 res

271 3446 608 3509 consimiles
624 3493 643 3526 ,
668 3446 802 3512 ideo
827 3446 1028 3508 diffusa
1049 3466 1083 3507 e
1103 3448 1279 3508 rebus
1305 3445 1620 3523 abundant,

2016 169 2100 232 93
