2409 3825
381 182 470 250 54
1199 188 1507 243 CATVLLI
2111 189 2341 263 [mm.

511 348 671 414 Fixa
712 370 948 415 corona
983 350 1180 434 foret,
1225 350 1338 415 sed
1377 371 1501 415 nos
1543 372 1796 435 quoque
1838 351 2249 437 fulgeremus

594 434 881 499 Devotae
923 435 1073 499 flavi
1115 435 1372 500 verticis
1417 436 1707 518 exuviae,

509 517 853 584 Vvidulam
897 542 936 583 a
974 518 1130 583 fietu
1173 519 1504 584 cedentem
1548 520 1630 583 ad
1669 520 1915 604 templa
1957 520 2151 585 deum
2197 541 2307 584 me
2369 561 2370 564 =

597 602 785 668 Sidus
827 604 898 668 in
939 604 1218 688 antiquis
1262 603 1408 667 diva
1448 624 1684 668 novom
1724 605 1971 687 posuit:
2368 567 2371 688 Α

422 701 488 752 65
517 687 805 773 Virginis
850 690 916 752 et
957 688 1130 753 saevi
1173 688 1554 772 contingens
1597 708 1873 771 namque
1916 687 2152 754 Leonis

598 771 900 855 Lumina,
944 771 1212 836 Callisto
1265 772 1482 835 iuncta
1523 772 1912 855 Lycaoniae,

513 856 751 923 Vertor
791 856 863 920 in
905 876 1232 939 occasum,
1274 856 1529 920 tardum
1572 856 1703 919 dux
1744 860 1893 920 ante
1935 855 2226 941 Booten,

600 940 725 1015 Qui
767 941 874 1004 vix
919 961 1061 1005 sero
1104 941 1236 1005 alto
1279 940 1591 1025 mergitur
1635 939 1912 1006 Oceano.

517 1023 643 1091 Sed
708 1045 1091 1108 quamquam
1139 1047 1245 1089 me
1298 1030 1489 1089 nocte
1543 1029 1844 1108 premunt
1901 1024 2179 1110 vestigia
2238 1024 2329 1089 di-

1603 1129 1784 1191 vom,

421 1207 489 1258 70
597 1193 738 1258 Lux
780 1196 993 1258 autem
1038 1216 1234 1259 canae
1277 1193 1507 1277 Tethyi
1550 1193 1858 1276 restituit,

521 1278 713 1364 (Pace
757 1282 869 1342 tua
908 1278 1031 1342 fari
1073 1278 1179 1343 hic
1223 1279 1441 1360 liceat,
1486 1277 1881 1342 Rhamnusia
1921 1278 2138 1363 virg0‚

601 1362 893 1446 Namque
937 1384 1058 1447 ego
1102 1383 1237 1426 non
1278 1363 1411 1427 ullo
1454 1384 1604 1425 vera
1643 1363 1873 1426 timore
1916 1365 2172 1447 tegam,

518 1446 657 1512 Nec
700 1447 757 1511 si
799 1468 902 1511 me
944 1447 1196 1511 infestis
1242 1446 1606 1530 discerpent
1647 1446 1856 1510 sidera
1898 1446 2086 1511 dictis
2097 1495 2120 1531 ,

605 1529 882 1597 Condita
923 1531 1079 1615 quin
1119 1531 1292 1596 verei
1333 1530 1611 1614 pectoris
1656 1530 2005 1615 evoluam):

424 1627 489 1679 ⁷5
517 1614 668 1681 Non
698 1614 800 1679 his
828 1619 963 1679 tam
992 1616 1194 1679 laetor
1222 1615 1442 1698 rebus,
1483 1635 1675 1698 quam
1702 1636 1805 1679 me
1835 1615 2010 1679 afore
2040 1637 2319 1699 semper,

603 1699 803 1763 Afore
847 1722 949 1764 me
994 1722 1033 1763 a
1075 1699 1371 1764 dominae
1411 1700 1647 1763 vertice
1691 1698 2069 1781 discrucior,

521 1782 791 1860 Quicum
836 1805 988 1870 eg0,
1046 1783 1198 1847 dum
1240 1784 1424 1869 virgo
1470 1783 1636 1848 curis
1690 1784 1814 1848 fuit
1866 1783 2168 1848 omnibus
2225 1805 2320 1848 ex-

1655 1889 1754 1933 ers

604 1952 938 2039 Vnguenti
979 1952 1185 2019 Suriei
1228 1953 1407 2017 milia
1449 1890 1651 2017 mult}
1691 1918 1844 2017 biti.

522 2037 713 2104 Nunc
754 2059 900 2121 vos,
946 2041 1165 2122 optato
1211 2059 1404 2121 quom
1446 2037 1655 2101 iunxit
1696 2037 1936 2102 lumine
1978 2037 2194 2121 taeda,

425 2135 492 2185 80
605 2120 667 2186 N
671 2143 756 2186 on
796 2123 972 2205 prius
1016 2121 1337 2186 unanimis
1382 2142 1649 2205 corpora
1691 2121 2070 2207 coniugibus

521 2205 780 2270 Tradite
820 2206 1135 2270 nudantes
1176 2207 1414 2271 reiecta
1456 2208 1631 2270 veste
1719 2206 1977 2288 apillas,

607 2288 812 2365 Quam
853 2290 1127 2354 iocunda
1168 2290 1330 2353 mihi
1372 2308 1635 2353 munera
1703 2289 1835 2354 ibet
1875 2311 2075 2373 onyx,

521 2372 757 2439 Voster
800 2394 1002 2457 onyx,
1047 2377 1223 2438 casto
1268 2375 1486 2457 petitis
1530 2395 1690 2457 quae
1732 2375 1874 2438 iura
1916 2372 2126 2440 cubili.

609 2456 732 2522 Sed
775 2479 936 2542 quae
979 2481 1047 2522 se
1090 2458 1320 2542 inpuro
1365 2459 1540 2522 dedit
1581 2458 1922 2540 adulterio,

426 2555 493 2606 85
521 2541 702 2607 Illius
747 2564 787 2606 a
826 2543 994 2607 mala
1036 2542 1207 2606 dona
1248 2543 1405 2606 levis
1448 2543 1627 2606 bibat
1667 2543 1849 2606 irrita
1891 2542 2129 2625 pulvis:

607 2625 902 2710 Namque
946 2648 1065 2712 ego
1112 2627 1190 2690 ab
1234 2627 1517 2711 indignis
1559 2626 1842 2710 praemia
1882 2627 2061 2691 nulla
2101 2629 2262 2711 peto·
2369 2650 2370 2653 ¹

524 2710 650 2778 Sed
692 2711 932 2796 magiS,
979 2733 1016 2775 o
1060 2714 1327 2794 nuptae,
1373 2732 1624 2794 semper
1667 2710 2007 2775 concordia
2048 2714 2281 2775 vostras

612 2794 874 2879 Semper
917 2816 1096 2859 amor
1138 2795 1319 2859 sedes
1362 2794 1601 2859 incolat
1643 2793 1960 2859 adsiduos,

523 2880 622 2945 Tu
664 2901 846 2961 vem,
891 2880 1140 2965 regina,
1183 2882 1373 2942 tuens
1419 2901 1574 2943 cum.
1607 2878 1817 2943 sidera
1859 2878 2071 2943 divam

428 2979 496 3029 90
607 2964 898 3030 Placabis
942 2964 1123 3028 festis
1167 2963 1511 3026 luminibus
1554 2961 1899 3045 Venerem,

525 3048 847 3131 Vnguinis
892 3051 1214 3132 expertem
1256 3067 1391 3111 non
1433 3047 1578 3110 siris
1622 3067 1760 3110 esse
1802 3050 1976 3110 tuam
2018 3068 2149 3131 me,

612 3131 736 3195 Sed
778 3133 992 3213 potius
1037 3131 1232 3214 largis
1277 3131 1474 3194 adfice
1516 3130 1904 3194 muneribus.

526 3212 747 3278 Sidera
790 3218 1157 3277 corruerent
1198 3213 1473 3279 utinam!
1520 3235 1702 3278 coma
1743 3213 1923 3297 regia
1963 3213 2139 3279 fiam:

609 3293 941 3359 Proximus
985 3296 1358 3378 Hydrochoi
1400 3299 1678 3381 fulgeret
1720 3295 1989 3362 Oarion!
