2409 3825
159 182 244 247 84
1123 182 1208 243 111

207 361 310 418 815
340 353 466 431 quis
488 351 653 411 locus
678 360 768 410 est
793 368 906 429 quo
932 350 1223 428 diffugiant
1243 369 1432 429 neque
1458 367 1703 428 corpora
1728 360 1858 411 sunt
1885 369 2032 430 quae

333 437 556 515 possint
577 434 831 495 incidere
855 442 914 494 et
941 433 1124 495 valida
1148 432 1469 494 dissolvere
1491 432 1682 513 plaga]

337 519 489 599 quod
511 522 561 579 si
582 518 730 579 forte
753 518 885 579 ideo
908 520 1086 596 magis
1112 515 1437 577 immortalis
1461 517 1775 578 habendast
1790 563 1808 595 ‚

336 603 488 684 quod
516 601 783 664 letalibus
806 602 875 662 ab
899 601 1072 662 rebus
1096 603 1303 660 munita
1324 611 1551 662 tenetur
1566 647 1584 679 ‚

334 696 429 746 aut
453 689 583 765 quia
603 705 715 747 non
734 687 966 746 veniunt
988 687 1213 745 omnino
1237 684 1419 745 aliena
1441 684 1639 746 salutis
1654 730 1672 762 ,

140 827 144 830 ,
208 780 313 835 820
336 780 427 831 aut
452 772 580 849 quia
603 788 747 848 quae
772 771 1009 836 veniunt,
1038 768 1225 849 aliqua
1244 770 1463 830 ratione
1484 769 1762 830 recedunt

335 853 500 933 pulsa
530 856 686 931 prius
709 871 874 931 quam
901 852 1034 931 quid
1056 861 1302 912 noceant
1327 855 1541 913 sentire
1565 871 1835 931 queamus
1850 899 1868 931 ‚

337 1031 567 1098 praeter
590 1023 739 1080 enim
762 1038 926 1099 quam
948 1021 1101 1098 quod
1124 1021 1335 1081 morbis
1362 1039 1489 1080 cum
1513 1022 1774 1099 corporis
1796 1029 1996 1098 aegret
2012 1065 2033 1098 ‚

340 1104 566 1164 advenit
596 1104 652 1163 id
677 1103 830 1183 quod
857 1122 981 1164 eam
1005 1103 1077 1164 de
1099 1106 1275 1165 rebus
1301 1122 1477 1184 saepe
1501 1106 1702 1165 suturis
1762 1164 1763 1167 ,

335 1197 583 1247 macerat
610 1189 781 1266 inque
806 1197 959 1247 metu
988 1188 1134 1248 male
1155 1189 1330 1249 habet
1355 1190 1620 1267 curisque
1639 1189 1872 1266 fatigat,
1979 1260 1986 1266 ι

211 1282 313 1335 825
343 1273 778 1350 praeteritisque
800 1271 946 1331 male
969 1273 1229 1333 admissis
1253 1283 1495 1351 peccata
1517 1271 1859 1332 remordent.

340 1355 483 1414 adde
507 1355 756 1415 furorem
782 1357 945 1415 animi
970 1359 1263 1435 proprium
1282 1350 1453 1435 atque
1479 1356 1687 1415 oblivia
1707 1375 1895 1415 rerum
1910 1401 1929 1432 ‚

341 1438 485 1498 adde
511 1438 662 1517 quod
683 1441 738 1498 in
760 1441 950 1516 nigras
974 1438 1219 1518 lethargi
1244 1442 1517 1518 mergitur
1539 1440 1732 1500 undas.

421 1522 513 1582 Nil
537 1525 708 1602 igitur
729 1542 881 1584 mors
907 1534 997 1584 est
1018 1524 1088 1583 ad
1112 1543 1218 1585 nos
1241 1543 1430 1602 neque
1452 1526 1700 1603 pertinet
1719 1521 1890 1582 hilum
1907 1569 1926 1600 ,

341 1608 791 1687 quandoquidem
813 1618 1008 1669 natura
1035 1610 1200 1668 animi
1222 1607 1473 1667 mortalis
1494 1607 1753 1668 habetur.

213 1700 317 1754 830
341 1702 399 1751 et
419 1691 577 1752 velut
598 1701 728 1751 ante
750 1702 879 1752 acto
904 1692 981 1751 nil
1007 1701 1268 1769 tempore
1294 1693 1576 1752 sensimus
1599 1693 1758 1769 aegri
1778 1737 1796 1767 ,

339 1776 408 1834 ad
433 1775 852 1852 confligendum
876 1777 1236 1838 venientibus
1261 1775 1508 1854 undique
1534 1775 1742 1836 Poenis
1760 1822 1778 1852 ,

340 1862 520 1920 omnia
546 1877 673 1920 cum
695 1858 833 1919 belli
856 1861 1082 1938 trepido
1107 1878 1391 1921 concussa
1413 1858 1651 1921 tumultu

340 1944 564 2003 horrida
590 1952 985 2003 contremuere
1010 1944 1116 2005 sub
1139 1945 1268 2005 altis
1292 1944 1541 2007 aetheris
1573 1946 1687 2005 oris
1704 1990 1724 2020 ‚

339 2030 394 2085 in
418 2026 702 2103 dubioque
727 2026 890 2086 fuere
914 2036 1166 2088 utrorum
1187 2028 1257 2088 ad
1278 2046 1456 2105 regna
1480 2027 1790 2088 cadendum

213 2119 314 2172 835
341 2111 598 2170 omnibus
621 2110 877 2170 humanis
903 2122 1063 2173 esset
1084 2122 1350 2191 terraque
1374 2114 1626 2192 marique
1641 2159 1659 2188 .‚

340 2196 426 2254 sic
444 2240 461 2272 ,
486 2195 582 2254 uhi
606 2211 718 2253 non
744 2195 952 2256 erimus
969 2241 986 2273 ‚
1015 2213 1143 2257 cum
1168 2198 1428 2275 corporis
1451 2205 1621 2274 atque
1644 2199 1841 2255 animai

339 2278 634 2337 discidium
663 2277 865 2355 fuerit,
892 2280 1095 2357 quibus
1128 2299 1162 2341 e
1191 2299 1385 2341 sumus
1407 2282 1593 2339 uniter
1613 2283 1761 2360 apti,

338 2359 565 2422 scilicet
582 2407 599 2439 ‚
623 2361 771 2421 haud
792 2361 958 2424 nobis
991 2364 1293 2443 quicquam
1308 2410 1325 2441 ‚
1354 2366 1451 2443 qui
1472 2381 1586 2423 non
1609 2366 1817 2425 erimus
1841 2374 1957 2424 tum
1973 2410 1992 2441 ‚

338 2445 605 2505 accidere
631 2447 858 2505 omnino
881 2450 1094 2524 poterit
1117 2466 1464 2525 sensumque
1489 2464 1724 2507 movere
1741 2494 1759 2524 ,

213 2537 317 2591 840
341 2546 453 2587 non
478 2531 525 2588 si
549 2538 700 2589 terra
722 2530 857 2589 mari
879 2531 1216 2592 miscebitur·
1234 2541 1293 2590 et
1316 2549 1466 2590 mare
1497 2531 1679 2591 caelo.

339 2623 397 2674 et
420 2614 467 2672 si
495 2615 601 2673 iam
620 2623 820 2674 nostro
846 2617 1019 2676 sentit
1049 2615 1121 2675 de
1145 2633 1392 2693 corpore
1410 2660 1428 2692 ‚
1449 2624 1749 2694 postquam

340 2698 697 2776 distractast,
723 2699 887 2757 animi
909 2708 1103 2760 natura
1125 2701 1456 2778 animaeque
1481 2707 1739 2777 potestas
1756 2746 1774 2775 ‚

337 2781 415 2840 nil
438 2791 623 2842 tamen
654 2791 745 2842 est
766 2782 836 2842 ad
856 2800 994 2860 nos,
1022 2783 1117 2861 qui
1142 2791 1372 2859 comptu
1397 2784 1779 2861 coniugioque

340 2866 795 2944 corporis'atque
819 2868 1034 2925 animae
1058 2867 1419 2927 consistimus
1442 2868 1627 2926 uniter
1654 2867 1789 2943 apti.

210 2956 313 3010 845
340 2966 482 3026 nec,
510 2951 558 3008 si
583 2945 873 3009 materiem
893 2959 1141 3009 nostram
1167 2947 1472 3027 collegerit
1498 2960 1655 3010 aetas

337 3042 469 3110 post
494 3034 711 3098 obitum
732 3051 1067 3111 rursumque
1086 3033 1378 3112 redegerit
1401 3042 1461 3092 ut
1483 3035 1592 3094 sita
1614 3051 1764 3092 nunc
1792 3043 1917 3111 est,

334 3126 503 3195 atque
526 3117 729 3176 iterum
749 3118 914 3178 nohis
939 3117 1145 3177 fuerint
1170 3117 1296 3177 data
1318 3115 1525 3177 lumina
1546 3118 1697 3178 vitae
1713 3162 1731 3194 ‚

334 3201 944 3280 pertineatquicquam
966 3211 1153 3262 tamen
1175 3201 1247 3260 ad
1270 3218 1375 3261 nos
1399 3200 1455 3259 id
1480 3219 1709 3280 quoque
1735 3200 2011 3280 factum?
2025 3223 2039 3232 ·

332 3287 642 3362 interrupta
668 3283 849 3347 semel
871 3303 1002 3344 cum
1026 3287 1098 3345 sit
1119 3286 1417 3344 retinentia
1440 3287 1638 3345 nostri.

204 3376 309 3428 850
332 3376 389 3426 et
412 3385 561 3425 nunc
584 3367 662 3425 nil
685 3367 755 3427 ad
780 3385 887 3427 nos
905 3368 981 3427 de
1007 3369 1173 3429 nobis
1195 3370 1428 3444 attinet,
1464 3378 1594 3427 ante

342 3453 432 3526 qni
461 3450 663 3512 fuimus
679 3495 697 3526 ‚
720 3467 919 3526 neque
939 3452 1044 3508 iam
1069 3451 1140 3509 de
1163 3450 1278 3510 illis
1299 3469 1404 3510 nos
1429 3450 1618 3510 adficit
1641 3468 1840 3536 angor.
