2409 3825
1118 196 1172 256 V

316 361 492 420 sentit
514 361 663 419 enim
686 362 799 420 vim
830 363 1069 442 quisque
1100 381 1255 422 suam
1286 363 1472 441 quoad
1493 367 1673 444 possit
1695 366 1864 426 abuti.

318 459 531 503 cornua
554 453 679 503 nata
706 445 865 523 prius
893 445 1070 505 vitulo
1094 464 1259 524 quam
1283 447 1561 509 frontibus
1589 458 1819 527 extent,

316 526 434 586 illis
461 529 636 586 iratus
658 529 803 606 petit
832 538 1004 607 atque
1026 529 1268 589 infestus
1290 533 1531 607 inurget.

315 620 377 670 at
409 610 577 670 catuli
606 611 1003 690 pantherarum
1036 615 1369 692 scymnique
1400 613 1628 674 leonum

164 705 284 757 1035
316 695 601 772 unguibus
623 713 692 754 ac
715 695 959 773 pedibus
979 697 1087 755 iam
1115 707 1232 756 tum
1260 714 1564 776 morsuque
1588 708 1940 777 repugnant,

311 780 416 838 vix
438 781 606 838 etiam
635 797 763 838 cum
786 790 913 840 sunt
937 779 1140 840 dentes
1168 798 1505 858 unguesque
1533 783 1725 841 creati.

318 860 550 922 alituum
581 879 753 940 porro
782 881 965 939 genus
992 862 1099 923 alis
1129 881 1294 925 omne
1316 865 1573 925 videmus

322 945 499 1005 fidere
524 955 582 1005 et
609 964 642 1006 a
665 947 849 1025 pinnis
876 946 1176 1006 tremulum
1199 955 1402 1026 petere
1425 948 1764 1008 auxiliatum.

320 1028 560 1108 proinde
590 1039 789 1107 putare
809 1029 1056 1109 aliquem
1078 1040 1192 1090 tum
1216 1033 1439 1091 nomina
1469 1032 1823 1092 distribuisse

164 1122 292 1175 1040
322 1113 531 1189 rebus,
561 1123 618 1172 et
646 1112 779 1172 inde
799 1113 1058 1173 homines
1081 1113 1349 1175 didicisse
1377 1115 1656 1176 vocabula
1684 1117 1861 1194 prima
1879 1162 1897 1194 ,

322 1197 662 1274 desipere-st.
688 1215 813 1255 nam
846 1215 947 1256 cur
968 1197 1061 1256 hic
1090 1206 1293 1276 posset
1317 1208 1520 1258 cuncta
1543 1209 1739 1260 notare

325 1281 565 1340 vocibus
588 1288 648 1338 et
673 1282 861 1339 varios
889 1283 1107 1341 sonitus
1132 1284 1395 1341 emittere
1421 1282 1647 1359 linguae
1664 1328 1683 1359 ,

320 1374 582 1442 tempore
614 1363 817 1424 eodem
839 1361 934 1422 alii
963 1364 1158 1424 facere
1181 1364 1239 1423 id
1261 1381 1373 1424 non
1404 1368 1598 1445 quisse
1623 1364 1929 1444 putentur?

324 1456 624 1525 praeterea
646 1448 692 1507 si
714 1463 825 1505 non
842 1446 945 1505 alii
970 1464 1198 1526 qnoque
1223 1449 1464 1509 vocibus
1493 1451 1581 1508 usi

163 1539 291 1591 1045
323 1533 470 1590 inter
500 1549 565 1590 se
589 1530 842 1608 fuerant,
866 1530 1015 1590 unde
1038 1533 1201 1591 insita
1230 1534 1457 1592 notities
1487 1542 1576 1592 cst

241 1660 252 1665 -
323 1614 578 1674 utilitatis
602 1623 661 1673 et
682 1614 829 1673 unde
861 1613 984 1674 data
1007 1625 1097 1675 est
1119 1614 1251 1674 huic
1276 1617 1453 1692 prima
1481 1625 1737 1693 potestas
1754 1660 1771 1692 ‚

326 1697 457 1775 quid
481 1696 695 1774 vellet,
720 1696 915 1757 facere
939 1707 999 1756 ut
1022 1700 1234 1758 scirent
1254 1700 1553 1776 animoque
1577 1697 1878 1757 viderent?

328 1797 543 1858 cogere
565 1782 699 1840 item
720 1779 900 1859 pluris
925 1799 1065 1842 unus
1091 1784 1392 1859 victosque
1417 1781 1644 1842 domare

326 1880 438 1924 non
470 1873 726 1942 poterat,
750 1882 938 1924 rerum
964 1875 1024 1925 ut
1055 1865 1387 1944 perdiscere
1409 1867 1630 1927 nomina
1651 1865 1883 1927 vellent.

165 1959 297 2010 1050
326 1967 437 2008 nec
464 1950 679 2026 ratione
705 1948 917 2008 docere
940 1948 1055 2008 ulla
1085 1949 1440 2029 suadereque
1469 1951 1687 2028 surdiS,

331 2032 464 2110 quid
487 2033 559 2093 sit
587 2048 733 2111 opus
756 2031 909 2092 facto
926 2079 943 2109 ,
970 2031 1228 2094 facilest:
1252 2052 1438 2112 neque
1464 2036 1611 2094 enim
1638 2044 2001 2113 paterentur,

327 2133 440 2176 nec
466 2117 685 2175 ratione
713 2115 829 2175 ulla
852 2116 961 2176 sibi
989 2116 1210 2177 ferrent
1234 2117 1473 2195 amplius
1495 2120 1643 2177 auris

328 2200 491 2260 vocis
517 2198 793 2260 inauditos
818 2202 1033 2260 sonitus
1058 2200 1373 2260 obtundere
1403 2200 1627 2262 frustra.

328 2292 618 2361 postremo
651 2282 783 2361 quid
803 2284 860 2341 in
880 2282 987 2342 hac
1009 2283 1265 2343 mirabile
1293 2294 1646 2364 tantoperest
1672 2305 1734 2345 re
1752 2333 1769 2363 ‚

163 2376 295 2427 1055
329 2369 375 2427 si
405 2384 589 2443 genus
616 2366 912 2425 humanum
929 2411 946 2443 ‚
973 2369 1062 2426 cui
1087 2384 1202 2427 vox
1226 2378 1284 2427 et
1312 2366 1501 2446 lingua
1522 2370 1780 2447 vigeret,

329 2466 435 2529 pro
457 2450 613 2509 vario
637 2449 810 2510 sensu
830 2451 982 2510 varia
1010 2469 1106 2510 res
1134 2468 1283 2510 voce
1307 2448 1567 2511 notaret?

332 2552 458 2592 cum
481 2533 738 2611 pecudes
760 2543 979 2610 mutae,
1013 2551 1140 2593 cum
1166 2533 1409 2613 denique
1436 2533 1624 2596 saecla
1649 2533 1889 2594 ferarum

331 2616 618 2677 dissimilis
643 2616 863 2677 soleant
884 2634 1064 2677 voces
1092 2619 1390 2694 variasque
1414 2619 1569 2677 ciere
1585 2662 1603 2694 ,

330 2718 458 2759 cum
486 2709 672 2760 metus
699 2709 792 2759 aut
818 2699 984 2760 dolor
1012 2709 1101 2760 est
1132 2711 1191 2760 et
1215 2718 1340 2759 cum
1362 2702 1468 2759 iam
1491 2700 1691 2777 gaudia
1716 2701 1982 2778 gliscunt.

168 2791 295 2847 1060
328 2784 539 2863 quippe
569 2785 778 2843 etenim
800 2783 937 2844 licet
960 2784 1015 2843 id
1038 2784 1212 2845 rebus
1238 2799 1593 2861 cognoscere
1617 2786 1847 2862 apertis.

324 2868 545 2927 inritata
576 2885 774 2926 canum
797 2886 924 2926 cum
952 2869 1188 2946 primum
1211 2869 1431 2927 inmane
1455 2865 1767 2928 Molossum
1840 2872 1853 2878 “

326 2949 687 3011 mollia-ricta
715 2950 961 3010 fremunt
987 2950 1158 3010 duros
1180 2951 1442 3011 nudantia
1471 2950 1672 3011 dentes
1689 2996 1707 3028 ,

327 3032 500 3111 longe
525 3032 636 3093 alio
668 3036 853 3094 sonitu
875 3034 1031 3093 rabie
1054 3036 1317 3095 restricta
1336 3035 1639 3111 minantur,

325 3127 384 3178 et
412 3135 540 3177 cnm
569 3119 674 3177 iam
698 3117 900 3177 latrant
930 3127 989 3177 et
1016 3119 1258 3180 vocibus
1288 3120 1470 3178 omnia
1495 3118 1812 3197 complent:

165 3208 292 3264 1065
326 3210 386 3261 et
411 3200 639 3268 catulos,
657 3199 862 3261 blande
887 3219 1015 3260 cum
1038 3201 1230 3277 lingua
1258 3201 1509 3262 lambere
1538 3212 1850 3281 temptant,

323 3294 419 3344 aut
442 3284 538 3343 ubi
567 3301 672 3346 eos
694 3288 903 3345 iactant
923 3282 1165 3363 pedibus
1189 3302 1497 3363 morsuque
1519 3296 1785 3365 petentes

326 3370 623 3446 suspensis
650 3377 886 3428 teneros
909 3369 1228 3426 minitantur
1250 3368 1512 3427 dentibus
1535 3369 1798 3445 haustus,

324 3450 502 3528 longe
529 3451 642 3511 alio
666 3460 837 3529 pacto
861 3453 1087 3526 gannitu
1108 3453 1272 3510 vocis
1294 3449 1551 3525 adulant,

2027 200 2150 266 153
