<?xml version="1.0" encoding="UTF-8"?>
<!DOCTYPE html PUBLIC "-//W3C//DTD XHTML 1.0 Transitional//EN"
    "http://www.w3.org/TR/xhtml1/DTD/xhtml1-transitional.dtd">
<html xmlns="http://www.w3.org/1999/xhtml" xml:lang="en" lang="en">
 <head>
  <title>
</title>
<meta http-equiv="Content-Type" content="text/html;charset=utf-8" />
  <meta name='ocr-system' content='tesseract 3.04.00' />
  <meta name='ocr-capabilities' content='ocr_page ocr_carea ocr_par ocr_line ocrx_word'/>
</head>
<body>
  <div class='ocr_page' id='page_1' title='image "./tlucreticarider01unkngoog_0397.png"; bbox 0 0 2409 3825; ppageno 0'>
   <div class='ocr_carea' id='block_1_1' title="bbox 140 184 2077 267">
    <p class='ocr_par' dir='ltr' id='par_1_1' title="bbox 140 184 2077 267">
     <span class='ocr_line' id='line_1_1' title="bbox 140 184 2077 267; baseline -0.003 -14"><span class='ocrx_word' id='word_1_1' title='bbox 140 194 399 267; x_wconf 59' lang='lat' dir='ltr'>mum]</span> <span class='ocrx_word' id='word_1_2' title='bbox 987 193 1218 248; x_wconf 82' lang='lat' dir='ltr'>LIBER.</span> <span class='ocrx_word' id='word_1_3' title='bbox 1991 184 2077 248; x_wconf 85' lang='lat'>45</span> 
     </span>
    </p>
   </div>
   <div class='ocr_carea' id='block_1_2' title="bbox 142 354 2078 774">
    <p class='ocr_par' dir='ltr' id='par_1_2' title="bbox 142 354 1732 423">
     <span class='ocr_line' id='line_1_2' title="bbox 142 354 1732 423; baseline -0.003 -1"><span class='ocrx_word' id='word_1_4' title='bbox 142 357 256 423; x_wconf 86' lang='lat' dir='ltr'>Sic</span> <span class='ocrx_word' id='word_1_5' title='bbox 298 355 488 420; x_wconf 88' lang='lat' dir='ltr'>nimis</span> <span class='ocrx_word' id='word_1_6' title='bbox 532 354 848 418; x_wconf 86' lang='lat' dir='ltr'>insultans</span> <span class='ocrx_word' id='word_1_7' title='bbox 893 357 1174 418; x_wconf 87' lang='lat' dir='ltr'>extremo</span> <span class='ocrx_word' id='word_1_8' title='bbox 1218 357 1349 419; x_wconf 88' lang='lat' dir='ltr'>tem</span> <span class='ocrx_word' id='word_1_9' title='bbox 1396 375 1503 419; x_wconf 89' lang='lat' dir='ltr'>ore</span> <span class='ocrx_word' id='word_1_10' title='bbox 1547 374 1732 418; x_wconf 86' lang='lat' dir='ltr'>saeva</span> 
     </span>
    </p>

    <p class='ocr_par' dir='ltr' id='par_1_3' title="bbox 142 438 2078 774">
     <span class='ocr_line' id='line_1_3' title="bbox 142 438 2078 522; baseline -0.006 -15"><span class='ocrx_word' id='word_1_11' title='bbox 142 440 308 507; x_wconf 83' lang='lat' dir='ltr'>Fors</span> <span class='ocrx_word' id='word_1_12' title='bbox 353 440 544 503; x_wconf 89' lang='lat' dir='ltr'>etiam</span> <span class='ocrx_word' id='word_1_13' title='bbox 585 439 823 503; x_wconf 90' lang='lat' dir='ltr'>nostris</span> <span class='ocrx_word' id='word_1_14' title='bbox 866 438 1098 503; x_wconf 86' lang='lat' dir='ltr'>invidit</span> <span class='ocrx_word' id='word_1_15' title='bbox 1139 438 1346 522; x_wconf 86' lang='lat' dir='ltr'>questi</span> <span class='ocrx_word' id='word_1_16' title='bbox 1389 457 1465 501; x_wconf 62' lang='lat' dir='ltr'>&#39;us</span> <span class='ocrx_word' id='word_1_17' title='bbox 1510 459 1713 501; x_wconf 80' lang='lat' dir='ltr'>aures,</span> <span class='ocrx_word' id='word_1_18' title='bbox 1977 447 2078 497; x_wconf 83' lang='grc'>170</span> 
     </span>
     <span class='ocr_line' id='line_1_4' title="bbox 144 521 1907 609; baseline -0.004 -19"><span class='ocrx_word' id='word_1_19' title='bbox 144 523 438 609; x_wconf 83' lang='lat' dir='ltr'>Iuppiter</span> <span class='ocrx_word' id='word_1_20' title='bbox 479 523 882 606; x_wconf 87' lang='lat' dir='ltr'>omnipotens</span> <span class='ocrx_word' id='word_1_21' title='bbox 894 571 913 605; x_wconf 86' lang='lat'><em>‚</em></span> <span class='ocrx_word' id='word_1_22' title='bbox 958 522 1204 587; x_wconf 88' lang='lat' dir='ltr'>utinam</span> <span class='ocrx_word' id='word_1_23' title='bbox 1246 543 1330 586; x_wconf 90' lang='grc'>116</span> <span class='ocrx_word' id='word_1_24' title='bbox 1372 524 1658 605; x_wconf 88' lang='lat' dir='ltr'>tempore</span> <span class='ocrx_word' id='word_1_25' title='bbox 1701 521 1907 604; x_wconf 90' lang='lat' dir='ltr'>primo</span> 
     </span>
     <span class='ocr_line' id='line_1_5' title="bbox 142 605 1742 690; baseline -0.002 -19"><span class='ocrx_word' id='word_1_26' title='bbox 142 608 397 680; x_wconf 79' lang='lat' dir='ltr'>Gnosia</span> <span class='ocrx_word' id='word_1_27' title='bbox 438 605 782 689; x_wconf 82' lang='lat' dir='ltr'>Cecropiae</span> <span class='ocrx_word' id='word_1_28' title='bbox 825 606 1193 690; x_wconf 82' lang='lat' dir='ltr'>tetigissent</span> <span class='ocrx_word' id='word_1_29' title='bbox 1236 605 1427 669; x_wconf 88' lang='lat' dir='ltr'>litora</span> <span class='ocrx_word' id='word_1_30' title='bbox 1467 626 1742 689; x_wconf 76' lang='lat' dir='ltr'>puppeS,</span> 
     </span>
     <span class='ocr_line' id='line_1_6' title="bbox 144 689 1661 774; baseline -0.003 -17"><span class='ocrx_word' id='word_1_31' title='bbox 144 691 474 757; x_wconf 84' lang='lat' dir='ltr'>Indomito</span> <span class='ocrx_word' id='word_1_32' title='bbox 516 712 636 754; x_wconf 89' lang='grc'><strong>1166</strong></span> <span class='ocrx_word' id='word_1_33' title='bbox 679 690 817 753; x_wconf 86' lang='lat' dir='ltr'>dira</span> <span class='ocrx_word' id='word_1_34' title='bbox 857 690 1070 754; x_wconf 89' lang='lat' dir='ltr'>ferens</span> <span class='ocrx_word' id='word_1_35' title='bbox 1114 689 1437 774; x_wconf 86' lang='lat' dir='ltr'>stipendia</span> <span class='ocrx_word' id='word_1_36' title='bbox 1477 693 1661 752; x_wconf 85' lang='lat' dir='ltr'>tauro</span> 
     </span>
    </p>
   </div>
   <div class='ocr_carea' id='block_1_3' title="bbox 32 772 1704 858">
    <p class='ocr_par' dir='ltr' id='par_1_4' title="bbox 32 772 1704 858">
     <span class='ocr_line' id='line_1_7' title="bbox 32 772 1704 858; baseline -0.004 -15"><span class='ocrx_word' id='word_1_37' title='bbox 32 777 37 806; x_wconf 75' lang='lat'>³</span> <span class='ocrx_word' id='word_1_38' title='bbox 144 774 438 842; x_wconf 88' lang='lat' dir='ltr'>Perfidus</span> <span class='ocrx_word' id='word_1_39' title='bbox 480 774 550 837; x_wconf 89' lang='lat' dir='ltr'>in</span> <span class='ocrx_word' id='word_1_40' title='bbox 594 772 786 839; x_wconf 83' lang='lat' dir='ltr'>Creta</span> <span class='ocrx_word' id='word_1_41' title='bbox 824 773 1161 858; x_wconf 70' lang='lat' dir='ltr'>religasset</span> <span class='ocrx_word' id='word_1_42' title='bbox 1200 775 1421 837; x_wconf 84' lang='lat' dir='ltr'>navita</span> <span class='ocrx_word' id='word_1_43' title='bbox 1460 774 1704 855; x_wconf 85' lang='lat' dir='ltr'>funem,</span> 
     </span>
    </p>
   </div>
   <div class='ocr_carea' id='block_1_4' title="bbox 144 857 2084 1613">
    <p class='ocr_par' dir='ltr' id='par_1_5' title="bbox 144 857 2080 1025">
     <span class='ocr_line' id='line_1_8' title="bbox 144 857 2080 926; baseline -0.005 0"><span class='ocrx_word' id='word_1_44' title='bbox 144 859 290 926; x_wconf 88' lang='lat' dir='ltr'>Nec</span> <span class='ocrx_word' id='word_1_45' title='bbox 333 858 537 922; x_wconf 87' lang='lat' dir='ltr'>malus</span> <span class='ocrx_word' id='word_1_46' title='bbox 579 857 686 921; x_wconf 87' lang='lat' dir='ltr'>hic</span> <span class='ocrx_word' id='word_1_47' title='bbox 729 857 942 922; x_wconf 89' lang='lat' dir='ltr'>celans</span> <span class='ocrx_word' id='word_1_48' title='bbox 986 857 1155 921; x_wconf 90' lang='lat' dir='ltr'>dulci</span> <span class='ocrx_word' id='word_1_49' title='bbox 1201 857 1481 921; x_wconf 81' lang='lat' dir='ltr'>crudelia</span> <span class='ocrx_word' id='word_1_50' title='bbox 1519 858 1728 920; x_wconf 86' lang='lat' dir='ltr'>forma</span> <span class='ocrx_word' id='word_1_51' title='bbox 1982 867 2080 917; x_wconf 78' lang='lat'>175</span> 
     </span>
     <span class='ocr_line' id='line_1_9' title="bbox 148 940 1825 1025; baseline -0.002 -16"><span class='ocrx_word' id='word_1_52' title='bbox 148 942 443 1009; x_wconf 81' lang='lat' dir='ltr'>Consilia</span> <span class='ocrx_word' id='word_1_53' title='bbox 483 941 552 1005; x_wconf 91' lang='lat' dir='ltr'>in</span> <span class='ocrx_word' id='word_1_54' title='bbox 594 941 831 1005; x_wconf 85' lang='lat' dir='ltr'>nostris</span> <span class='ocrx_word' id='word_1_55' title='bbox 873 941 1227 1023; x_wconf 76' lang='lat' dir='ltr'>requiesset</span> <span class='ocrx_word' id='word_1_56' title='bbox 1267 941 1522 1005; x_wconf 87' lang='lat' dir='ltr'>sedibus</span> <span class='ocrx_word' id='word_1_57' title='bbox 1563 940 1825 1025; x_wconf 76' lang='lat' dir='ltr'>hospes!</span> 
     </span>
    </p>

    <p class='ocr_par' dir='ltr' id='par_1_6' title="bbox 148 1023 2084 1531">
     <span class='ocr_line' id='line_1_10' title="bbox 148 1023 1923 1109; baseline -0.003 -17"><span class='ocrx_word' id='word_1_58' title='bbox 148 1027 324 1093; x_wconf 89' lang='lat' dir='ltr'>Nam</span> <span class='ocrx_word' id='word_1_59' title='bbox 368 1046 495 1109; x_wconf 89' lang='lat' dir='ltr'>quo</span> <span class='ocrx_word' id='word_1_60' title='bbox 537 1047 640 1089; x_wconf 91' lang='lat' dir='ltr'>me</span> <span class='ocrx_word' id='word_1_61' title='bbox 682 1025 1001 1089; x_wconf 76' lang='lat' dir='ltr'>referam?</span> <span class='ocrx_word' id='word_1_62' title='bbox 1047 1025 1221 1109; x_wconf 81' lang='lat' dir='ltr'>&#39;quali</span> <span class='ocrx_word' id='word_1_63' title='bbox 1266 1047 1377 1109; x_wconf 87' lang='lat' dir='ltr'>spe</span> <span class='ocrx_word' id='word_1_64' title='bbox 1420 1024 1669 1108; x_wconf 88' lang='lat' dir='ltr'>perdita</span> <span class='ocrx_word' id='word_1_65' title='bbox 1708 1023 1923 1088; x_wconf 76' lang='lat' dir='ltr'>nitar?</span> 
     </span>
     <span class='ocr_line' id='line_1_11' title="bbox 148 1107 1798 1206; baseline -0.002 -31"><span class='ocrx_word' id='word_1_66' title='bbox 148 1111 615 1176; x_wconf 88' lang='lat' dir='ltr'>Idomeneosne</span> <span class='ocrx_word' id='word_1_67' title='bbox 656 1111 873 1192; x_wconf 89' lang='lat' dir='ltr'>petam</span> <span class='ocrx_word' id='word_1_68' title='bbox 915 1109 1212 1173; x_wconf 78' lang='lat' dir='ltr'>montes?</span> <span class='ocrx_word' id='word_1_69' title='bbox 1257 1131 1297 1172; x_wconf 93' lang='lat' dir='ltr'>a</span> <span class='ocrx_word' id='word_1_70' title='bbox 1308 1158 1329 1193; x_wconf 87' lang='lat'><em>‚</em></span> <span class='ocrx_word' id='word_1_71' title='bbox 1369 1110 1626 1206; x_wconf 85' lang='lat' dir='ltr'>gurgite</span> <span class='ocrx_word' id='word_1_72' title='bbox 1669 1107 1798 1172; x_wconf 87' lang='lat' dir='ltr'>lato</span> 
     </span>
     <span class='ocr_line' id='line_1_12' title="bbox 150 1191 1952 1276; baseline -0.004 -16"><span class='ocrx_word' id='word_1_73' title='bbox 150 1194 541 1261; x_wconf 88' lang='lat' dir='ltr'>Discernens</span> <span class='ocrx_word' id='word_1_74' title='bbox 583 1194 766 1276; x_wconf 89' lang='lat' dir='ltr'>ponti</span> <span class='ocrx_word' id='word_1_75' title='bbox 807 1193 1237 1258; x_wconf 91' lang='lat' dir='ltr'>truculentum</span> <span class='ocrx_word' id='word_1_76' title='bbox 1281 1194 1392 1257; x_wconf 79' lang='lat' dir='ltr'>ubi</span> <span class='ocrx_word' id='word_1_77' title='bbox 1421 1193 1647 1257; x_wconf 85' lang='lat' dir='ltr'>dividit</span> <span class='ocrx_word' id='word_1_78' title='bbox 1674 1191 1952 1275; x_wconf 79' lang='lat' dir='ltr'>aequor?</span> 
     </span>
     <span class='ocr_line' id='line_1_13' title="bbox 149 1275 2084 1362; baseline -0.005 -18"><span class='ocrx_word' id='word_1_79' title='bbox 149 1280 264 1344; x_wconf 83' lang='lat' dir='ltr'>An</span> <span class='ocrx_word' id='word_1_80' title='bbox 305 1278 505 1362; x_wconf 87' lang='lat' dir='ltr'>patris</span> <span class='ocrx_word' id='word_1_81' title='bbox 535 1277 834 1341; x_wconf 91' lang='lat' dir='ltr'>auxilium</span> <span class='ocrx_word' id='word_1_82' title='bbox 865 1277 1155 1361; x_wconf 76' lang='lat' dir='ltr'>sperem?</span> <span class='ocrx_word' id='word_1_83' title='bbox 1201 1298 1471 1361; x_wconf 88' lang='lat' dir='ltr'>quemne</span> <span class='ocrx_word' id='word_1_84' title='bbox 1511 1278 1653 1360; x_wconf 88' lang='lat' dir='ltr'>ipsa</span> <span class='ocrx_word' id='word_1_85' title='bbox 1678 1275 1936 1359; x_wconf 85' lang='lat' dir='ltr'>reliqui,</span> <span class='ocrx_word' id='word_1_86' title='bbox 1985 1286 2084 1336; x_wconf 89' lang='lat'>180</span> 
     </span>
     <span class='ocr_line' id='line_1_14' title="bbox 149 1359 1739 1446; baseline -0.003 -18"><span class='ocrx_word' id='word_1_87' title='bbox 149 1362 540 1446; x_wconf 84' lang='lat' dir='ltr'>Respersum</span> <span class='ocrx_word' id='word_1_88' title='bbox 584 1362 876 1425; x_wconf 88' lang='lat' dir='ltr'>iuvenem</span> <span class='ocrx_word' id='word_1_89' title='bbox 917 1362 1201 1424; x_wconf 86' lang='lat' dir='ltr'>fraterna</span> <span class='ocrx_word' id='word_1_90' title='bbox 1245 1361 1434 1424; x_wconf 88' lang='lat' dir='ltr'>caede</span> <span class='ocrx_word' id='word_1_91' title='bbox 1479 1359 1739 1424; x_wconf 76' lang='lat' dir='ltr'>secuta?</span> 
     </span>
     <span class='ocr_line' id='line_1_15' title="bbox 152 1444 1678 1531; baseline -0.003 -20"><span class='ocrx_word' id='word_1_92' title='bbox 152 1445 469 1531; x_wconf 82' lang='lat' dir='ltr'>Coniugis</span> <span class='ocrx_word' id='word_1_93' title='bbox 513 1465 598 1508; x_wconf 89' lang='lat' dir='ltr'>an</span> <span class='ocrx_word' id='word_1_94' title='bbox 639 1444 767 1508; x_wconf 88' lang='lat' dir='ltr'>fido</span> <span class='ocrx_word' id='word_1_95' title='bbox 813 1444 1107 1509; x_wconf 82' lang='lat' dir='ltr'>consoler</span> <span class='ocrx_word' id='word_1_96' title='bbox 1147 1449 1386 1508; x_wconf 90' lang='lat' dir='ltr'>memet</span> <span class='ocrx_word' id='word_1_97' title='bbox 1427 1464 1678 1525; x_wconf 82' lang='lat' dir='ltr'>amore,</span> 
     </span>
    </p>

    <p class='ocr_par' dir='ltr' id='par_1_7' title="bbox 152 1526 1804 1613">
     <span class='ocr_line' id='line_1_16' title="bbox 152 1526 1804 1613; baseline -0.002 -19"><span class='ocrx_word' id='word_1_98' title='bbox 152 1530 366 1607; x_wconf 81' lang='lat' dir='ltr'>Quinc</span> <span class='ocrx_word' id='word_1_99' title='bbox 407 1528 578 1613; x_wconf 84' lang='lat' dir='ltr'>fugit</span> <span class='ocrx_word' id='word_1_100' title='bbox 618 1528 828 1592; x_wconf 89' lang='lat' dir='ltr'>lentos</span> <span class='ocrx_word' id='word_1_101' title='bbox 869 1530 1211 1593; x_wconf 84' lang='lat' dir='ltr'>incurvans</span> <span class='ocrx_word' id='word_1_102' title='bbox 1254 1529 1510 1613; x_wconf 87' lang='lat' dir='ltr'>gurgite</span> <span class='ocrx_word' id='word_1_103' title='bbox 1552 1526 1804 1591; x_wconf 78' lang='lat' dir='ltr'>remos?</span> 
     </span>
    </p>
   </div>
   <div class='ocr_carea' id='block_1_5' title="bbox 26 1610 1651 1696">
    <p class='ocr_par' dir='ltr' id='par_1_8' title="bbox 26 1610 1651 1696">
     <span class='ocr_line' id='line_1_17' title="bbox 26 1610 1651 1696; baseline -0.001 -20"><span class='ocrx_word' id='word_1_104' title='bbox 26 1665 29 1676; x_wconf 93' lang='lat'><em>.</em></span> <span class='ocrx_word' id='word_1_105' title='bbox 152 1614 496 1679; x_wconf 87' lang='lat' dir='ltr'>Praeterea</span> <span class='ocrx_word' id='word_1_106' title='bbox 535 1612 714 1677; x_wconf 92' lang='lat' dir='ltr'>nullo</span> <span class='ocrx_word' id='word_1_107' title='bbox 757 1612 939 1696; x_wconf 85' lang='lat' dir='ltr'>litus,</span> <span class='ocrx_word' id='word_1_108' title='bbox 985 1610 1124 1675; x_wconf 84' lang='lat' dir='ltr'>sola</span> <span class='ocrx_word' id='word_1_109' title='bbox 1165 1612 1405 1694; x_wconf 88' lang='lat' dir='ltr'>insula,</span> <span class='ocrx_word' id='word_1_110' title='bbox 1449 1613 1651 1694; x_wconf 83' lang='lat' dir='ltr'>tecte,</span> 
     </span>
    </p>
   </div>
   <div class='ocr_carea' id='block_1_6' title="bbox 153 1693 2087 1943">
    <p class='ocr_par' dir='ltr' id='par_1_9' title="bbox 153 1693 2087 1943">
     <span class='ocr_line' id='line_1_18' title="bbox 153 1693 2087 1781; baseline -0.005 -17"><span class='ocrx_word' id='word_1_111' title='bbox 153 1698 297 1764; x_wconf 88' lang='lat' dir='ltr'>Nec</span> <span class='ocrx_word' id='word_1_112' title='bbox 340 1699 518 1780; x_wconf 86' lang='lat' dir='ltr'>patet</span> <span class='ocrx_word' id='word_1_113' title='bbox 559 1717 852 1780; x_wconf 83' lang='lat' dir='ltr'>egressus</span> <span class='ocrx_word' id='word_1_114' title='bbox 893 1696 1107 1781; x_wconf 86' lang='lat' dir='ltr'>pelagi</span> <span class='ocrx_word' id='word_1_115' title='bbox 1152 1696 1555 1780; x_wconf 73' lang='lat' dir='ltr'>cingentibus</span> <span class='ocrx_word' id='word_1_116' title='bbox 1596 1693 1814 1760; x_wconf 87' lang='lat' dir='ltr'>undis:</span> <span class='ocrx_word' id='word_1_117' title='bbox 1990 1704 2087 1755; x_wconf 83' lang='lat'>185</span> 
     </span>
     <span class='ocr_line' id='line_1_19' title="bbox 154 1780 1770 1864; baseline -0.002 -18"><span class='ocrx_word' id='word_1_118' title='bbox 154 1782 357 1848; x_wconf 88' lang='lat' dir='ltr'>Nulla</span> <span class='ocrx_word' id='word_1_119' title='bbox 398 1781 586 1864; x_wconf 82' lang='lat' dir='ltr'>fugae</span> <span class='ocrx_word' id='word_1_120' title='bbox 627 1780 823 1861; x_wconf 87' lang='lat' dir='ltr'>rati0‚</span> <span class='ocrx_word' id='word_1_121' title='bbox 867 1780 1048 1843; x_wconf 89' lang='lat' dir='ltr'>nulla</span> <span class='ocrx_word' id='word_1_122' title='bbox 1091 1801 1263 1863; x_wconf 89' lang='lat' dir='ltr'>spes:</span> <span class='ocrx_word' id='word_1_123' title='bbox 1309 1780 1526 1843; x_wconf 85' lang='lat' dir='ltr'>omnia</span> <span class='ocrx_word' id='word_1_124' title='bbox 1564 1782 1770 1861; x_wconf 88' lang='lat' dir='ltr'>muta,</span> 
     </span>
     <span class='ocr_line' id='line_1_20' title="bbox 157 1863 1790 1943; baseline -0.003 -11"><span class='ocrx_word' id='word_1_125' title='bbox 157 1865 396 1933; x_wconf 86' lang='lat' dir='ltr'>Omnia</span> <span class='ocrx_word' id='word_1_126' title='bbox 437 1866 588 1929; x_wconf 86' lang='lat' dir='ltr'>sunt</span> <span class='ocrx_word' id='word_1_127' title='bbox 629 1863 904 1943; x_wconf 88' lang='lat' dir='ltr'>deserta,</span> <span class='ocrx_word' id='word_1_128' title='bbox 951 1865 1279 1928; x_wconf 88' lang='lat' dir='ltr'>ostentant</span> <span class='ocrx_word' id='word_1_129' title='bbox 1320 1863 1535 1928; x_wconf 86' lang='lat' dir='ltr'>omnia</span> <span class='ocrx_word' id='word_1_130' title='bbox 1574 1863 1790 1928; x_wconf 90' lang='lat' dir='ltr'>letum.</span> 
     </span>
    </p>
   </div>
   <div class='ocr_carea' id='block_1_7' title="bbox 24 1940 1980 2032">
    <p class='ocr_par' dir='ltr' id='par_1_10' title="bbox 24 1940 1980 2032">
     <span class='ocr_line' id='line_1_21' title="bbox 24 1940 1980 2032; baseline -0.003 -16"><span class='ocrx_word' id='word_1_131' title='bbox 24 1980 39 1990; x_wconf 62' lang='lat'>²</span> <span class='ocrx_word' id='word_1_132' title='bbox 156 1951 315 2016; x_wconf 89' lang='lat' dir='ltr'>Non</span> <span class='ocrx_word' id='word_1_133' title='bbox 353 1952 569 2013; x_wconf 90' lang='lat' dir='ltr'>tamen</span> <span class='ocrx_word' id='word_1_134' title='bbox 613 1950 760 2011; x_wconf 87' lang='lat' dir='ltr'>ante</span> <span class='ocrx_word' id='word_1_135' title='bbox 800 1948 961 2012; x_wconf 90' lang='lat' dir='ltr'>mihi</span> <span class='ocrx_word' id='word_1_136' title='bbox 1003 1949 1421 2032; x_wconf 70' lang='lat' dir='ltr'>languescent</span> <span class='ocrx_word' id='word_1_137' title='bbox 1461 1940 1705 2013; x_wconf 87' lang='lat' dir='ltr'>lumina</span> <span class='ocrx_word' id='word_1_138' title='bbox 1745 1947 1980 2029; x_wconf 87' lang='lat' dir='ltr'>morte,</span> 
     </span>
    </p>
   </div>
   <div class='ocr_carea' id='block_1_8' title="bbox 88 2033 2122 3547">
    <p class='ocr_par' dir='ltr' id='par_1_11' title="bbox 88 2033 2100 3123">
     <span class='ocr_line' id='line_1_22' title="bbox 157 2033 1755 2117; baseline -0.003 -18"><span class='ocrx_word' id='word_1_139' title='bbox 157 2035 301 2100; x_wconf 89' lang='lat' dir='ltr'>Nec</span> <span class='ocrx_word' id='word_1_140' title='bbox 341 2033 516 2117; x_wconf 89' lang='lat' dir='ltr'>prius</span> <span class='ocrx_word' id='word_1_141' title='bbox 561 2054 602 2096; x_wconf 85' lang='lat' dir='ltr'>a</span> <span class='ocrx_word' id='word_1_142' title='bbox 640 2033 811 2096; x_wconf 88' lang='lat' dir='ltr'>fesso</span> <span class='ocrx_word' id='word_1_143' title='bbox 856 2033 1152 2096; x_wconf 86' lang='lat' dir='ltr'>secedent</span> <span class='ocrx_word' id='word_1_144' title='bbox 1194 2053 1459 2116; x_wconf 88' lang='lat' dir='ltr'>corpore</span> <span class='ocrx_word' id='word_1_145' title='bbox 1501 2053 1755 2113; x_wconf 82' lang='grc'><strong>66116116,</strong></span> 
     </span>
     <span class='ocr_line' id='line_1_23' title="bbox 88 2115 2090 2205; baseline -0.003 -23"><span class='ocrx_word' id='word_1_146' title='bbox 88 2198 95 2205; x_wconf 87' lang='lat'><strong>.</strong></span> <span class='ocrx_word' id='word_1_147' title='bbox 160 2118 368 2194; x_wconf 84' lang='lat' dir='ltr'>Quam</span> <span class='ocrx_word' id='word_1_148' title='bbox 410 2118 644 2182; x_wconf 89' lang='lat' dir='ltr'>iustam</span> <span class='ocrx_word' id='word_1_149' title='bbox 688 2137 726 2179; x_wconf 88' lang='lat' dir='ltr'>a</span> <span class='ocrx_word' id='word_1_150' title='bbox 768 2115 929 2180; x_wconf 84' lang='lat' dir='ltr'>divis</span> <span class='ocrx_word' id='word_1_151' title='bbox 974 2137 1313 2200; x_wconf 85' lang='lat' dir='ltr'>exposcam</span> <span class='ocrx_word' id='word_1_152' title='bbox 1355 2115 1607 2200; x_wconf 89' lang='lat' dir='ltr'>prodita</span> <span class='ocrx_word' id='word_1_153' title='bbox 1650 2116 1943 2199; x_wconf 83' lang='lat' dir='ltr'>multam,</span> <span class='ocrx_word' id='word_1_154' title='bbox 1991 2124 2090 2175; x_wconf 83' lang='grc'>190</span> 
     </span>
     <span class='ocr_line' id='line_1_24' title="bbox 164 2199 1852 2284; baseline -0.002 -17"><span class='ocrx_word' id='word_1_155' title='bbox 164 2202 651 2283; x_wconf 74' lang='lat' dir='ltr'>caelestumque</span> <span class='ocrx_word' id='word_1_156' title='bbox 693 2199 884 2264; x_wconf 88' lang='lat' dir='ltr'>fidem</span> <span class='ocrx_word' id='word_1_157' title='bbox 925 2204 1251 2284; x_wconf 88' lang='lat' dir='ltr'>postrema</span> <span class='ocrx_word' id='word_1_158' title='bbox 1293 2220 1635 2283; x_wconf 85' lang='lat' dir='ltr'>conprecer</span> <span class='ocrx_word' id='word_1_159' title='bbox 1676 2199 1852 2263; x_wconf 89' lang='lat' dir='ltr'>hora.</span> 
     </span>
     <span class='ocr_line' id='line_1_25' title="bbox 162 2284 1794 2367; baseline -0.001 -18"><span class='ocrx_word' id='word_1_160' title='bbox 162 2286 373 2361; x_wconf 80' lang='lat' dir='ltr'>Quare</span> <span class='ocrx_word' id='word_1_161' title='bbox 415 2284 587 2349; x_wconf 86' lang='lat' dir='ltr'>facta</span> <span class='ocrx_word' id='word_1_162' title='bbox 626 2284 833 2349; x_wconf 84' lang='lat' dir='ltr'>virum</span> <span class='ocrx_word' id='word_1_163' title='bbox 873 2286 1221 2348; x_wconf 86' lang='lat' dir='ltr'>multantes</span> <span class='ocrx_word' id='word_1_164' title='bbox 1262 2284 1514 2349; x_wconf 84' lang='lat' dir='ltr'>vindice</span> <span class='ocrx_word' id='word_1_165' title='bbox 1557 2305 1794 2367; x_wconf 87' lang='lat' dir='ltr'>poena,</span> 
     </span>
     <span class='ocr_line' id='line_1_26' title="bbox 162 2368 1791 2454; baseline -0.002 -20"><span class='ocrx_word' id='word_1_166' title='bbox 162 2368 579 2451; x_wconf 81' lang='lat' dir='ltr'>Eumenides,</span> <span class='ocrx_word' id='word_1_167' title='bbox 625 2368 853 2452; x_wconf 89' lang='lat' dir='ltr'>quibus</span> <span class='ocrx_word' id='word_1_168' title='bbox 895 2369 1178 2454; x_wconf 88' lang='lat' dir='ltr'>anguino</span> <span class='ocrx_word' id='word_1_169' title='bbox 1223 2368 1518 2433; x_wconf 89' lang='lat' dir='ltr'>redimita</span> <span class='ocrx_word' id='word_1_170' title='bbox 1560 2368 1791 2452; x_wconf 83' lang='lat' dir='ltr'>capillo</span> 
     </span>
     <span class='ocr_line' id='line_1_27' title="bbox 162 2452 1688 2536; baseline -0.003 -17"><span class='ocrx_word' id='word_1_171' title='bbox 162 2454 371 2519; x_wconf 87' lang='lat' dir='ltr'>Frons</span> <span class='ocrx_word' id='word_1_172' title='bbox 415 2452 760 2536; x_wconf 68' lang='lat' dir='ltr'>expirantis</span> <span class='ocrx_word' id='word_1_173' title='bbox 802 2456 1170 2536; x_wconf 67' lang='lat' dir='ltr'>praeportat</span> <span class='ocrx_word' id='word_1_174' title='bbox 1211 2454 1489 2535; x_wconf 85' lang='lat' dir='ltr'>pectoris</span> <span class='ocrx_word' id='word_1_175' title='bbox 1531 2452 1657 2516; x_wconf 90' lang='lat' dir='ltr'>iras</span> <span class='ocrx_word' id='word_1_176' title='bbox 1670 2501 1688 2533; x_wconf 86' lang='lat'>,</span> 
     </span>
     <span class='ocr_line' id='line_1_28' title="bbox 164 2536 2091 2619; baseline -0.004 -18"><span class='ocrx_word' id='word_1_177' title='bbox 164 2537 311 2601; x_wconf 89' lang='lat' dir='ltr'>Huc</span> <span class='ocrx_word' id='word_1_178' title='bbox 355 2537 482 2601; x_wconf 89' lang='lat' dir='ltr'>huc</span> <span class='ocrx_word' id='word_1_179' title='bbox 523 2537 887 2619; x_wconf 83' lang='lat' dir='ltr'>adventate,</span> <span class='ocrx_word' id='word_1_180' title='bbox 930 2558 1107 2600; x_wconf 90' lang='lat' dir='ltr'>meas</span> <span class='ocrx_word' id='word_1_181' title='bbox 1150 2536 1364 2600; x_wconf 88' lang='lat' dir='ltr'>audite</span> <span class='ocrx_word' id='word_1_182' title='bbox 1407 2536 1746 2619; x_wconf 85' lang='lat' dir='ltr'>querellas,</span> <span class='ocrx_word' id='word_1_183' title='bbox 1995 2547 2091 2595; x_wconf 80' lang='lat'>195</span> 
     </span>
     <span class='ocr_line' id='line_1_29' title="bbox 165 2618 1978 2717; baseline -0.002 -32"><span class='ocrx_word' id='word_1_184' title='bbox 165 2622 341 2697; x_wconf 82' lang='lat' dir='ltr'>Quas</span> <span class='ocrx_word' id='word_1_185' title='bbox 390 2641 511 2717; x_wconf 88' lang='lat' dir='ltr'>ego</span> <span class='ocrx_word' id='word_1_186' title='bbox 553 2622 699 2685; x_wconf 83' lang='lat' dir='ltr'>vael</span> <span class='ocrx_word' id='word_1_187' title='bbox 742 2621 976 2684; x_wconf 89' lang='lat' dir='ltr'>misera</span> <span class='ocrx_word' id='word_1_188' title='bbox 1019 2621 1318 2684; x_wconf 83' lang='lat' dir='ltr'>extremis</span> <span class='ocrx_word' id='word_1_189' title='bbox 1359 2620 1643 2703; x_wconf 89' lang='lat' dir='ltr'>proferre</span> <span class='ocrx_word' id='word_1_190' title='bbox 1684 2618 1978 2682; x_wconf 87' lang='lat' dir='ltr'>medullis</span> 
     </span>
     <span class='ocr_line' id='line_1_30' title="bbox 165 2704 1742 2789; baseline -0.003 -19"><span class='ocrx_word' id='word_1_191' title='bbox 165 2705 385 2789; x_wconf 83' lang='lat' dir='ltr'>Cogor</span> <span class='ocrx_word' id='word_1_192' title='bbox 426 2725 643 2788; x_wconf 88' lang='grc' dir='ltr'><strong>111οΡ6,</strong></span> <span class='ocrx_word' id='word_1_193' title='bbox 691 2704 945 2786; x_wconf 87' lang='lat' dir='ltr'>ardens,</span> <span class='ocrx_word' id='word_1_194' title='bbox 996 2704 1238 2769; x_wconf 90' lang='lat' dir='ltr'>amenti</span> <span class='ocrx_word' id='word_1_195' title='bbox 1281 2724 1469 2768; x_wconf 87' lang='lat' dir='ltr'>caeca</span> <span class='ocrx_word' id='word_1_196' title='bbox 1509 2704 1742 2769; x_wconf 87' lang='lat' dir='ltr'>furore.</span> 
     </span>
     <span class='ocr_line' id='line_1_31' title="bbox 165 2786 1940 2872; baseline -0.002 -19"><span class='ocrx_word' id='word_1_197' title='bbox 165 2789 344 2865; x_wconf 84' lang='lat' dir='ltr'>Quae</span> <span class='ocrx_word' id='word_1_198' title='bbox 389 2789 691 2872; x_wconf 88' lang='lat' dir='ltr'>quoniam</span> <span class='ocrx_word' id='word_1_199' title='bbox 733 2810 919 2853; x_wconf 83' lang='lat' dir='ltr'>verae</span> <span class='ocrx_word' id='word_1_200' title='bbox 961 2790 1315 2853; x_wconf 88' lang='lat' dir='ltr'>nascuntur</span> <span class='ocrx_word' id='word_1_201' title='bbox 1354 2790 1612 2872; x_wconf 86' lang='lat' dir='ltr'>pectore</span> <span class='ocrx_word' id='word_1_202' title='bbox 1656 2787 1737 2850; x_wconf 86' lang='lat' dir='ltr'>ab</span> <span class='ocrx_word' id='word_1_203' title='bbox 1780 2786 1908 2850; x_wconf 89' lang='lat' dir='ltr'>imo</span> <span class='ocrx_word' id='word_1_204' title='bbox 1921 2832 1940 2870; x_wconf 85' lang='lat'>,</span> 
     </span>
     <span class='ocr_line' id='line_1_32' title="bbox 166 2872 1759 2956; baseline -0.003 -18"><span class='ocrx_word' id='word_1_205' title='bbox 166 2874 305 2938; x_wconf 90' lang='lat' dir='ltr'>Vos</span> <span class='ocrx_word' id='word_1_206' title='bbox 347 2872 548 2937; x_wconf 90' lang='lat' dir='ltr'>nolite</span> <span class='ocrx_word' id='word_1_207' title='bbox 590 2872 728 2956; x_wconf 88' lang='lat' dir='ltr'>pati</span> <span class='ocrx_word' id='word_1_208' title='bbox 770 2876 1062 2937; x_wconf 88' lang='lat' dir='ltr'>nostrum</span> <span class='ocrx_word' id='word_1_209' title='bbox 1106 2892 1446 2937; x_wconf 85' lang='lat' dir='ltr'>vanescere</span> <span class='ocrx_word' id='word_1_210' title='bbox 1489 2873 1759 2951; x_wconf 88' lang='lat' dir='ltr'>luctum,</span> 
     </span>
     <span class='ocr_line' id='line_1_33' title="bbox 167 2955 2100 3040; baseline -0.005 -17"><span class='ocrx_word' id='word_1_211' title='bbox 167 2957 297 3023; x_wconf 84' lang='lat' dir='ltr'>Sed</span> <span class='ocrx_word' id='word_1_212' title='bbox 339 2956 513 3040; x_wconf 90' lang='lat' dir='ltr'>quali</span> <span class='ocrx_word' id='word_1_213' title='bbox 558 2956 760 3020; x_wconf 88' lang='lat' dir='ltr'>solam</span> <span class='ocrx_word' id='word_1_214' title='bbox 802 2957 1085 3021; x_wconf 85' lang='lat' dir='ltr'>Theseus</span> <span class='ocrx_word' id='word_1_215' title='bbox 1127 2978 1233 3021; x_wconf 89' lang='lat' dir='ltr'>me</span> <span class='ocrx_word' id='word_1_216' title='bbox 1274 2959 1488 3020; x_wconf 89' lang='grc'><strong>11161116</strong></span> <span class='ocrx_word' id='word_1_217' title='bbox 1528 2955 1815 3038; x_wconf 89' lang='lat' dir='ltr'>reliquit,</span> <span class='ocrx_word' id='word_1_218' title='bbox 1998 2965 2100 3014; x_wconf 83' lang='lat'>200</span> 
     </span>
     <span class='ocr_line' id='line_1_34' title="bbox 166 3040 1751 3123; baseline -0.001 -17"><span class='ocrx_word' id='word_1_219' title='bbox 166 3041 313 3107; x_wconf 84' lang='lat' dir='ltr'>Tali</span> <span class='ocrx_word' id='word_1_220' title='bbox 355 3043 601 3122; x_wconf 89' lang='lat' dir='ltr'>mente,</span> <span class='ocrx_word' id='word_1_221' title='bbox 646 3040 828 3123; x_wconf 84' lang='lat' dir='ltr'>deae,</span> <span class='ocrx_word' id='word_1_222' title='bbox 874 3040 1159 3104; x_wconf 85' lang='lat' dir='ltr'>funestet</span> <span class='ocrx_word' id='word_1_223' title='bbox 1200 3060 1392 3123; x_wconf 90' lang='lat' dir='ltr'>seque</span> <span class='ocrx_word' id='word_1_224' title='bbox 1436 3046 1751 3123; x_wconf 67' lang='lat' dir='ltr'>suosque?</span> 
     </span>
    </p>

    <p class='ocr_par' dir='ltr' id='par_1_12' title="bbox 167 3123 2122 3547">
     <span class='ocr_line' id='line_1_35' title="bbox 252 3123 1946 3221; baseline -0.003 -32"><span class='ocrx_word' id='word_1_225' title='bbox 252 3124 389 3190; x_wconf 87' lang='lat' dir='ltr'>Has</span> <span class='ocrx_word' id='word_1_226' title='bbox 432 3127 770 3221; x_wconf 80' lang='lat' dir='ltr'>postquam</span> <span class='ocrx_word' id='word_1_227' title='bbox 810 3127 1056 3188; x_wconf 86' lang='lat' dir='ltr'>maesto</span> <span class='ocrx_word' id='word_1_228' title='bbox 1100 3123 1388 3208; x_wconf 87' lang='lat' dir='ltr'>profudit</span> <span class='ocrx_word' id='word_1_229' title='bbox 1427 3125 1684 3207; x_wconf 88' lang='lat' dir='ltr'>pectore</span> <span class='ocrx_word' id='word_1_230' title='bbox 1727 3142 1946 3205; x_wconf 86' lang='lat' dir='ltr'>voces,</span> 
     </span>
     <span class='ocr_line' id='line_1_36' title="bbox 167 3207 1707 3294; baseline -0.003 -19"><span class='ocrx_word' id='word_1_231' title='bbox 167 3209 261 3276; x_wconf 83' lang='lat' dir='ltr'>Su</span> <span class='ocrx_word' id='word_1_232' title='bbox 306 3208 570 3294; x_wconf 80' lang='lat' dir='ltr'>pliclum</span> <span class='ocrx_word' id='word_1_233' title='bbox 614 3207 821 3272; x_wconf 80' lang='lat' dir='ltr'>saevis</span> <span class='ocrx_word' id='word_1_234' title='bbox 864 3228 1217 3291; x_wconf 85' lang='lat' dir='ltr'>exposcens</span> <span class='ocrx_word' id='word_1_235' title='bbox 1260 3208 1450 3271; x_wconf 88' lang='lat' dir='ltr'>anxia</span> <span class='ocrx_word' id='word_1_236' title='bbox 1491 3207 1707 3289; x_wconf 76' lang='lat' dir='ltr'>factiS,</span> 
     </span>
     <span class='ocr_line' id='line_1_37' title="bbox 167 3232 2122 3377; baseline -0.004 -18"><span class='ocrx_word' id='word_1_237' title='bbox 167 3232 419 3359; x_wconf 43' lang='lat' dir='ltr'>Adxnuit</span> <span class='ocrx_word' id='word_1_238' title='bbox 460 3291 700 3356; x_wconf 85' lang='lat' dir='ltr'>invicto</span> <span class='ocrx_word' id='word_1_239' title='bbox 746 3293 1089 3357; x_wconf 89' lang='lat' dir='ltr'>caelestum</span> <span class='ocrx_word' id='word_1_240' title='bbox 1131 3292 1394 3356; x_wconf 89' lang='lat' dir='ltr'>numine</span> <span class='ocrx_word' id='word_1_241' title='bbox 1436 3293 1672 3372; x_wconf 85' lang='lat' dir='ltr'>rector,</span> <span class='ocrx_word' id='word_1_242' title='bbox 2116 3372 2122 3377; x_wconf 15' lang='grc' dir='ltr'>θ</span> 
     </span>
     <span class='ocr_line' id='line_1_38' title="bbox 170 3374 2104 3459; baseline -0.005 -17"><span class='ocrx_word' id='word_1_243' title='bbox 170 3378 313 3453; x_wconf 86' lang='lat' dir='ltr'>Quo</span> <span class='ocrx_word' id='word_1_244' title='bbox 357 3379 538 3441; x_wconf 89' lang='lat' dir='ltr'>motu</span> <span class='ocrx_word' id='word_1_245' title='bbox 580 3375 770 3439; x_wconf 87' lang='lat' dir='ltr'>tel-lus</span> <span class='ocrx_word' id='word_1_246' title='bbox 815 3380 1004 3459; x_wconf 87' lang='lat' dir='ltr'>atque</span> <span class='ocrx_word' id='word_1_247' title='bbox 1047 3375 1306 3439; x_wconf 86' lang='lat' dir='ltr'>horrida</span> <span class='ocrx_word' id='word_1_248' title='bbox 1349 3374 1867 3439; x_wconf 86' lang='lat' dir='ltr'>contremuerunt</span> <span class='ocrx_word' id='word_1_249' title='bbox 2004 3383 2104 3433; x_wconf 87' lang='lat'>205</span> 
     </span>
     <span class='ocr_line' id='line_1_39' title="bbox 172 3456 1890 3547; baseline -0.006 -18"><span class='ocrx_word' id='word_1_250' title='bbox 172 3467 473 3547; x_wconf 83' lang='lat' dir='ltr'>Aequora</span> <span class='ocrx_word' id='word_1_251' title='bbox 514 3461 962 3545; x_wconf 80' lang='lat' dir='ltr'>concussitque</span> <span class='ocrx_word' id='word_1_252' title='bbox 1003 3459 1310 3525; x_wconf 87' lang='lat' dir='ltr'>micantia</span> <span class='ocrx_word' id='word_1_253' title='bbox 1351 3459 1558 3523; x_wconf 88' lang='lat' dir='ltr'>sidera</span> <span class='ocrx_word' id='word_1_254' title='bbox 1599 3456 1890 3521; x_wconf 80' lang='lat' dir='ltr'>mundus,</span> 
     </span>
    </p>
   </div>
  </div>
 </body>
</html>
