2409 3825
221 190 304 256 56
1191 191 1248 251 11

393 375 600 418 sensus
624 366 754 418 ante
777 359 958 436 ipsam
979 357 1228 435 genitam
1251 367 1502 417 naturam
1523 359 1813 418 animantis
1829 402 1852 436 ,

391 443 449 500 ni
470 443 667 500 mirum
685 488 703 519 ‚
730 444 858 520 quia
883 443 1148 501 materies
1174 441 1414 501 disiecta
1440 451 1667 501 tenetur

267 532 374 587 940
396 531 566 602 aere,
598 525 945 602 fluminibus,
971 526 1172 602 terriS‚
1201 523 1508 603 aethraque
1542 526 1747 586 creatis
1766 571 1784 602 ‚

393 628 506 669 nec
531 625 844 686 congressa
873 608 1042 668 modo
1060 608 1246 669 vitalis
1274 611 1682 669 convenientes

397 692 635 754 contulit
658 696 805 753 inter
827 713 893 753 se
915 702 1100 752 motus
1120 739 1137 770 ,
1164 693 1369 772 quihus
1394 694 1765 752 omnicientes

396 779 630 838 accensi
654 795 858 837 sensus
883 778 1218 836 animantem
1245 794 1523 855 quamque
1547 786 1789 836 tuentur.

479 862 783 921 Praeterea
805 862 1058 939 quamvis
1082 862 1414 921 animantem
1438 860 1701 938 grandior
1724 863 1874 921 ictus

269 953 373 1008 945
401 964 565 1025 quam
589 947 797 1023 patitur
817 953 1010 1003 natura
1028 991 1045 1020 ‚
1071 955 1313 1024 repente
1342 944 1556 1022 adfligit
1580 954 1640 1005 et
1662 948 1841 1005 omnis

399 1031 655 1108 corporis
685 1038 855 1107 atque
886 1029 1051 1087 animi
1073 1030 1264 1108 pergit
1289 1028 1637 1089 confundere
1663 1048 1890 1090 sensus.

397 1111 784 1173 dissoluuntur
807 1114 956 1173 enim
984 1114 1276 1191 positurae
1309 1114 1745 1192 principiorum,

398 1206 457 1258 et
486 1199 712 1276 penitus
735 1206 919 1257 motus
942 1196 1146 1256 vitales
1170 1197 1531 1276 inpediuntur
1549 1244 1567 1275 .,

398 1282 585 1341 donec
606 1282 872 1341 materies
891 1327 908 1358 ,
939 1283 1117 1340 omnis
1149 1298 1433 1342 concussa
1455 1300 1561 1360 per
1585 1290 1737 1341 artus
1753 1326 1771 1357 .,

269 1374 376 1429 950
401 1364 590 1431 vitalis
617 1367 832 1425 animae
856 1365 1038 1425 nodos
1065 1383 1096 1424 a
1125 1382 1370 1444 corpore
1399 1365 1570 1425 solvit

397 1450 829 1528 dispersamque
853 1449 1006 1509 foras
1036 1467 1145 1527 per
1173 1449 1365 1511 caulas
1392 1450 1563 1509 eiecit
1589 1451 1798 1509 omnis:

397 1552 522 1593 nam
546 1533 679 1612 quid
708 1542 1009 1611 praeterea
1029 1533 1225 1593 facere
1253 1535 1428 1593 ictum
1451 1550 1628 1613 posse
1653 1551 1873 1592 reamur

397 1617 647 1678 oblatum
667 1664 684 1695 ,
711 1618 821 1677 nisi
844 1618 1133 1678 discutere
1156 1635 1226 1677 ac
1251 1617 1571 1679 dissolvere
1595 1635 1854 1696 quaeque
1869 1613 1904 1676 ἱ)

400 1703 459 1762 fit
484 1719 713 1780 quoque
737 1702 817 1761 uti
840 1699 1064 1762 soleant
1090 1702 1272 1762 minus
1303 1701 1496 1761 oblato
1526 1703 1736 1761 acriter
1753 1703 1869 1760 ictu

268 1794 371 1849 955
397 1784 602 1864 reliqui
624 1796 809 1845 motus
832 1785 1019 1845 vitalis
1043 1787 1276 1846 viucere
1300 1805 1478 1865 saepe
1496 1832 1513 1861 ‚

395 1871 630 1931 vincere
648 1916 667 1947 ‚
692 1879 751 1930 et
773 1871 1020 1947 ingentis
1044 1869 1251 1949 plagae
1274 1870 1479 1931 sedare
1502 1869 1769 1930 tumultus
1788 1917 1806 1948 ‚

397 1956 568 2033 inque
593 1970 730 2014 suos
755 1954 1023 2033 quicquid
1045 1973 1241 2015 rursus
1262 1971 1539 2014 revocare
1570 1963 1789 2014 meatus
1806 2000 1824 2031 .,

400 2047 459 2098 et
486 2039 645 2117 quasi
675 2039 781 2097 iam
804 2037 906 2097 leti
937 2037 1314 2098 dominantem
1346 2040 1402 2097 in
1428 2054 1670 2117 corpore
1693 2048 1904 2098 motum

399 2122 724 2199 discutere,
755 2139 824 2181 ac
846 2140 1030 2201 paene
1054 2125 1293 2183 amissos
1324 2122 1644 2182 accendere
1673 2140 1906 2183 sensus:

271 2215 378 2271 960
397 2225 523 2266 nam
549 2224 724 2285 quare
748 2208 937 2284 potius
961 2205 1106 2265 leti
1088 2224 1197 2265 lam
1222 2199 1411 2266 limine
1435 2207 1505 2266 ab
1534 2208 1662 2288 ipso

397 2291 468 2350 ad
491 2291 661 2350 vitam
680 2291 867 2368 possit
891 2289 1156 2350 conlecta
1179 2299 1369 2351 mente
1390 2292 1639 2365 reverti,

400 2391 564 2453 quam
588 2389 700 2452 quo
727 2371 1028 2433 decursum
1051 2391 1235 2453 prope
1259 2376 1367 2433 iam
1390 2376 1500 2434 siet
1522 2376 1604 2433 ire
1629 2383 1688 2433 et
1709 2369 1909 2433 abire?

398 2467 706 2536 propterea
724 2502 742 2534 ‚
771 2459 1032 2536 quoniam
1055 2457 1222 2517 dolor
1247 2467 1372 2535 est,
1398 2459 1495 2518 ubi
1516 2459 1767 2518 materiai

399 2558 641 2619 corpora
660 2543 716 2599 vi
740 2540 977 2619 quadam
1000 2560 1106 2620 per
1131 2543 1356 2602 viscera
1378 2544 1505 2601 viva
1525 2560 1632 2620 per
1654 2550 1806 2601 artus

267 2634 371 2690 965
396 2624 702 2687 sollicitata
723 2626 843 2686 suis
868 2624 1149 2704 trepidant
1172 2628 1227 2684 in
1252 2626 1485 2686 sedibus
1513 2627 1660 2685 intus
1680 2671 1698 2703 ‚

400 2712 571 2788 inque
595 2709 787 2769 locum
812 2709 1034 2787 quando
1060 2711 1398 2787 remig-rant,
1427 2710 1486 2769 lit
1508 2708 1711 2769 blanda
1732 2708 1996 2788 voluptas
2015 2755 2038 2787 ,

398 2796 549 2854 scire
575 2792 714 2854 licet
734 2791 892 2851 nullo
915 2792 1218 2871 prImordia
1240 2810 1417 2872 posse
1442 2793 1641 2852 dolore

397 2878 658 2956 temptari
678 2876 1004 2955 nullamque
1032 2877 1384 2956 voluptatem
1414 2896 1624 2956 capere
1660 2896 1735 2937 ex
1757 2896 1853 2944 se:

399 2961 852 3040 quandoquidem
877 2977 991 3020 non
1019 2970 1181 3039 sunt,
1214 2980 1289 3021 ex
1316 2961 1448 3021 ullis
1471 2963 1876 3040 principiorum

265 3051 372 3107 970
396 3045 770 3124 corporibus,
798 3061 1034 3124 quorum
1063 3055 1250 3105 motus
1282 3047 1533 3105 novitate
1562 3044 1823 3105 laborent

395 3138 490 3189 aut
512 3128 758 3207 aliquem
782 3128 1025 3188 fructum
1051 3130 1274 3208 capiant
1299 3128 1624 3190 dulcedinis
1637 3127 1853 3189 almae:

393 3211 530 3271 haut
553 3213 727 3289 igitur
748 3210 959 3272 debent
982 3231 1118 3273 esse
1141 3212 1260 3272 ullo
1288 3213 1543 3292 praedita
1566 3231 1758 3273 sensu.

402 3367 407 3370 ,
467 3293 763 3393 wDenique
763 3296 844 3354 uti
869 3298 1093 3373 possint
1115 3300 1329 3357 sentire
1353 3293 1608 3356 animalia
1633 3313 1892 3376 quaeque
1909 3340 1930 3375 ‚

392 3377 688 3455 principiis
714 3379 763 3437 si
786 3379 894 3436 iam
916 3387 1006 3437 est
1039 3398 1246 3440 sensus
1268 3379 1597 3440 tribuendus
1626 3397 1820 3439 eorum
1838 3425 1855 3456 ‚

266 3463 371 3519 975
395 3458 530 3538 quid
544 3504 563 3538 ‚
588 3478 772 3537 genus
792 3458 1091 3520 humanum
1114 3461 1411 3543 propritim
1434 3461 1506 3523 de
1534 3463 1724 3541 quihu’
1749 3458 2058 3524 factumst?
