2409 3825
307 141 393 208 80
895 157 1040 204 ΧΙΧ.
1115 154 1445 202 momen,
1495 150 1543 201 1.
1588 149 1642 201 2.
1730 118 1737 125 ⁸

306 295 461 358 sunt
501 291 825 444 alipellati,
871 313 950 356 ex
991 291 1117 355 hoc
1144 289 1449 353 facillime
1479 290 1696 375 potest
1736 284 2026 370 iudicari,
2072 287 2259 371 quod
2384 266 2387 347 V

246 390 281 441 8
309 398 499 441 nemo
620 397 849 441 umene
909 375 1057 440 vivo
1112 396 1227 438 rex
1279 372 1638 457 appellatus
1703 375 1829 455 est,
1896 372 2009 438 sed
2064 394 2256 455 prae-
2384 370 2387 395 ²

307 461 546 543 fectus,
615 460 821 525 eidem
883 463 1035 544 post
1083 458 1278 522 huius
1347 477 1646 522 occasum
1709 455 1928 521 statim
1994 456 2257 541 regium

309 548 609 611 ornatum
666 564 1031 628 nomenque
1087 565 1229 607 sum
1276 543 1498 606 serunt
1538 561 1780 624 neque,
1838 539 2014 625 quod
2053 539 2255 605 initio

307 628 753 714 praedicarant
768 679 783 710 ,
839 650 906 692 se
960 564 1315 692 Alexandri
1368 624 1591 690 liberis
1644 644 1918 709 regnum
1972 645 2232 689 servare

306 717 635 797 praestare
663 712 1009 779 voluerunt
1038 715 1103 776 et
1131 731 1263 775 uno
1293 714 1776 806 propugnatore
1805 707 2059 806 sublato
2090 675 2257 792 quid

315 798 631 862 sentirent
657 799 1063 880 aperuerunt.
1122 793 1316 858 huius
1346 793 1603 858 sceleris
1676 813 1955 876 nnc1pes
1981 791 2258 858 fuerunt

241 920 252 933 -
314 882 706 966 Antigonus,
748 879 1186 960 Ptolemaeus,
1232 876 1567 960 Seleucus,
1666 875 2049 960 ysimachus,
2096 876 2256 941 Cas-

249 978 285 1025 4
307 965 600 1029 sandrus.
656 964 1030 1049 Antigonus
1074 966 1291 1027 autem
1331 960 1690 1027 Eumenem
1732 963 2060 1025 mortuum
2100 982 2258 1044 pro-

308 1046 571 1132 pinquis
635 1048 771 1112 eius
836 1046 1273 1132 sepeliendum
1336 1043 1619 1110 tradidit.
1708 1043 1781 1109 ln·
1823 1043 2090 1109 militari
2132 1044 2260 1110 ho-
2386 1076 2387 1083 ¹

309 1135 623 1215 nestoque
651 1132 897 1215 funere,
928 1130 1277 1196 comitante
1303 1133 1445 1194 toto
1478 1127 1780 1212 exercitu,
1817 1126 2263 1197 humaverunt

500 1237 582 1314 ue
623 1217 761 1281 eius
803 1217 875 1281 in
905 1214 1376 1299 Cappadociam
1418 1211 1500 1276 ad
1541 1216 1814 1277 matrem
1857 1217 2049 1298 atque
2091 1235 2259 1280 uxo-

312 1236 350 1280 o

310 1320 449 1364 rem
536 1301 850 1385 berosque
895 1300 1031 1366 eius
1074 1296 1471 1382 deportanda
1512 1300 1839 1362 curarunt.

101 1404 128 1411 .-

914 1654 1108 1728 XIX.
1215 1652 1646 1749 PHOCION.

245 1804 280 1865 1
480 1802 773 1869 Phocion
802 1801 1222 1867 Atheniensis
1264 1802 1384 1867 etsi
1427 1821 1616 1886 saepe
1648 1800 2031 1870 exercitibus
2067 1821 2259 1884 prae-
2386 1858 2387 1861 ,

313 1888 443 1952 fuit
484 1908 891 1972 summosque
933 1888 1346 1973 magistratus
1391 1886 1579 1984 cepit,
1626 1890 1845 1951 tamen
1874 1884 2078 1951 niulto
2110 1886 2259 1951 eius

315 1972 534 2036 notior
574 1972 911 2058 integritas
953 1971 1122 2037 vitae
1153 1992 1347 2055 quam
1389 1992 1485 2035 rel
1512 1971 1813 2036 militaris
1840 1970 2044 2035 labor.
2133 1971 2260 2034 ita-

358 2076 439 2119 ue
480 2056 675 2122 huius
727 2057 1039 2121 memoria
1092 2058 1192 2119 est
1243 2054 1454 2138 nulla,
1514 2055 1687 2120 illius
1742 2057 1959 2120 autem
2012 2077 2077 2118 m
2384 2059 2385 2064 ’

255 2151 287 2199 2
347 2162 509 2224 ama,
555 2162 632 2205 ex
677 2162 806 2224 quo
848 2139 1234 2225 cognomine
1266 2137 1489 2203 Bonus
1534 2143 1630 2204 est
1671 2138 2047 2223 appellatus,
2156 2139 2264 2202 uit

316 2224 490 2288 enim
532 2227 842 2308 perpetuo
887 2246 1014 2307 pau
1061 2244 1159 2305 er,
1204 2243 1363 2303 Q
1395 2222 1813 2287 divitissimus
1853 2243 1991 2287 esse
2030 2225 2265 2305 posset

316 2309 583 2389 propter
602 2307 969 2389 frequentes
1041 2306 1243 2371 elatos
1264 2306 1544 2371 honores
1572 2309 2051 2392 potestatesque
2080 2327 2262 2371 sum-

255 2400 289 2448 3
319 2410 486 2472 mas,
543 2411 706 2475 quae
751 2390 810 2455 ei
852 2412 893 2454 a
932 2390 1172 2475 populo
1231 2389 1566 2456 dabantur.
1665 2391 1773 2455 hic
1828 2411 1974 2455 cum
2015 2412 2056 2454 a
2096 2411 2262 2475 rege

315 2473 534 2558 Philip
582 2496 621 2540 o
664 2496 931 2540 munera
971 2496 1244 2560 magnae
1287 2475 1598 2559 pecuniae
1638 2485 1708 2540 r'e
1744 2463 2032 2558 uffiet,
2076 2473 2261 2559 lega-

314 2559 494 2642 tique
597 2562 961 2624 ortarentur
1002 2560 1291 2705 accipere
1345 2559 1663 2648 simulque
1707 2497 2149 2642 {monerenss
2198 2559 2260 2623 si

314 2644 453 2729 ipse
483 2642 563 2709 iis
592 2639 1096 2727 facile—careret,
1165 2643 1359 2707 iberis
1401 2646 1621 2708 tamen
1664 2641 2260 2726 suiff'prospiceret,

319 2728 552 2811 quibus
607 2726 868 2825 difficile
925 2731 1093 2824 esset
1152 2727 1225 2790 in
1266 2748 1527 2823 ‘su-mma
1559 2729 1958 2825 ‘paupertate
1999 2730 2265 2791 tantam

192 2809 2266 2980 ffittgmffimqsslagffh¹1¹¹a1⁸gss¹¹tffii⁸ffi3¹ffd⁶ffifz
2384 2847 2385 2860 ψ

325 2978 708 3066 dignitatem
749 2978 1074 3063 perduxit:
1121 2979 1223 3042 sin
1267 2977 1604 3043 dissimiles
1638 2982 1791 3043 sunt
1830 2978 2052 3063 futuri,
2095 2980 2263 3044 nolo

323 3065 484 3128 meis
525 3063 834 3147 impensis
875 3063 1135 3128 illorum
1177 3057 1264 3127 ali
1307 3063 1653 3148 augerique
1695 3062 2057 3127 luxuriam?

246 3148 290 3210 2
486 3145 667 3210 Idem
731 3169 839 3210 um
861 3169 1062 3231 prope
1091 3146 1173 3210 ad
1193 3147 1435 3211 annum
1461 3146 2265 3232 octogesimumprospera
2366 3175 2383 3206 ι

320 3169 1025 3321 Ρθζνθιιίεεθῇδτὺιιῃει,
1071 3230 1372 3294 extremis
1400 3231 1797 3315 temporibus
1830 3252 2140 3316 magnum
2188 3234 2267 3297 in
2382 3303 2383 3308 η

261 3320 295 3367 2
326 3305 542 3370 odium
596 3313 892 3392 pervenit
931 3335 1192 3377 suorum
1248 3313 1514 3397 civium,
1569 3315 1807 3398 primu,
1878 3315 2052 3399 quod
2107 3337 2143 3381 c

322 3387 606 3454 Demade
677 3394 754 3458 de
818 3395 973 3459 urbe
1044 3396 1355 3461 tradenda
1415 3398 1764 3482 Antipatro
1840 3419 2152 3465 eonsense
