2409 3825
752 194 918 245 xxv.
990 195 1302 246 Amicus.
1346 192 1398 243 9.
1447 193 1527 243 ιο.
1984 184 2110 250 105

171 350 340 414 quae
382 324 598 410 nullis,
623 332 875 400 casibus
928 330 1211 416 agitatur
1248 351 1459 415 neque
1501 331 1828 398 minuitur.
1897 333 2105 400 hostis
2133 348 2251 433 ῃ,

167 416 506 482 Antonius
558 417 875 483 iudicatus
916 413 1110 480 Italia
1160 420 1465 481 cesserat:
1532 437 1678 501 spes
1731 417 2108 483 restituendi

167 500 359 565 nulla
402 503 554 566 erat.
629 523 765 567 non
794 499 1004 565 solum
1046 500 1311 582 inimici,
1357 500 1469 598 qui
1502 503 1644 566 tum
1674 505 1857 567 erant
1882 507 2108 586 poten-

167 584 409 649 tissimi
451 588 518 649 et
556 585 838 684 plurimi,
883 583 994 648 sed
1031 582 1231 649 etiam
1275 606 1388 669 qu1
1430 583 1808 651 adversariis
1861 587 1996 652 eius
2039 608 2106 652 se

170 668 419 735 dabant
460 673 526 735 et
563 692 637 736 -1n
681 692 758 737 eo
802 667 1111 734 laedendo
1154 668 1439 753 aliquam
1474 673 1927 739 consecuturos
1971 693 2108 755 spe-

168 753 409 819 rabant
461 754 1008 835 commoditatem,
1073 753 1350 818 Antonii
1412 753 1763 819 familiares
1815 755 2108 852 inseque-

29 908 40 915 .
168 838 441 921 bantur,
512 860 780 905 uxorem
843 835 1140 901 Fulviam
1212 837 1509 903 omnibus
1578 838 1769 904 rebus
1830 838 2108 924 spohare

170 921 547 1006 cupiebant,
581 923 831 988 liberos
875 922 1069 986 etiam
1098 923 1305 986 exstin
1399 943 1504 987 ere
1532 923 1866 1007 parabant.
1937 925 2104 1003 Atti·
2133 936 2171 986 3

169 1026 307 1089 cus,
337 1026 500 1098 Q
530 1005 856 1073 Ciceronis
885 1006 1115 1070 intima
1142 1005 1298 1069 fami
1350 1007 1578 1072 aritate
1606 1010 1910 1105 uteretur,
1953 1008 2108 1073 'ami-

170 1090 470 1155 cissimus
511 1095 680 1157 esset
706 1091 933 1173 Bruto,
975 1111 1114 1156 non
1152 1090 1346 1155 modo
1388 1089 1555 1161 nihil
1597 1090 1677 1156 iis
1716 1091 1987 1157 mdulsit
2026 1091 2109 1156 ad

168 1168 962 1260 Antonium‘fflandum,
1004 1173 1116 1240 sed
1159 1196 1194 1238 e
1226 1176 1547 1253 contrario
1577 1175 1927 1242 familiares
1971 1176 2108 1241 eius
2209 1229 2234 1253 2

169 1281 254 1324 ex
297 1259 457 1325 urbe
545 1260 961 1347 refugientes,
1006 1261 1320 1343 quantum
1410 1260 1578 1324 otuit
1586 1309 1605 1343 ,
1650 1261 1811 1325 texit
1874 1261 2107 1344 quibus

167 1346 368 1409 rebus
410 1344 483 1410 in
531 1345 858 1430 'guerunt,
919 1342 1182 1408 adiuvit.
1269 1341 1368 1408 Pu
1414 1343 1502 1408 lio
1496 1364 1701 1443 Jvero
1750 1311 2104 1409 V'olumnio
2133 1357 2171 1405 4

170 1449 254 1494 ea
305 1427 567 1512 tribuit,
623 1428 708 1495 'ut
761 1428 950 1513 plura
1007 1449 1048 1492 a
1145 1431 1365 1492 arente
1426 1427 1747 1512 proficisci
1808 1449 1944 1493 non
1994 1449 2107 1513 po-

170 1512 440 1579 tuerint.
542 1513 670 1598 ipsi
721 1516 935 1580 autem
998 1510 1052 1576 F
1124 1510 1297 1595 viae,
1364 1530 1508 1601 qum
1564 1510 1786 1576 litibus
1849 1511 2107 1577 distine-
2172 1532 2175 1533 ⁷
2281 1516 2287 1523 '

170 1600 357 1662 retur
386 1597 768 1683 magnisque
795 1596 1149 1662 terroribus
1176 1599 1532 1680 vexaretur,
1561 1599 1744 1660 tanta
1773 1595 2108 1693 diligentia

173 1680 467 1747 officium
511 1702 700 1748 suum
739 1681 1092 1766 praestitit,
1146 1682 1223 1745 ut
1260 1679 1514 1744 nullum
1556 1680 1673 1745 illa
1724 1680 1961 1745 stiterit
2000 1702 2106 1745 va-

172 1760 538 1831 dimonium
564 1766 703 1832 sine
730 1767 972 1842 Attice,
1015 1783 1289 1849 sponsor
1317 1765 1605 1829 omnium
1632 1785 1849 1829 rerum
1889 1764 2104 1830 fuerit.

174 1850 339 1935 quin
382 1850 595 1936 etiam,
638 1870 806 1940 03¹1ss
827 1850 943 1915 illa
982 1848 1259 1915 fundum
1300 1848 1578 1914 secunda
1617 1848 1882 1915 fortuna
1924 1849 2104 1914 emis-
2134 1861 2169 1909 5
2206 1862 2218 1886 ¹

115 1958 120 1962 ·
174 1938 276 2001 set
316 1935 388 1999 in
433 1934 600 2001 diem
642 1956 855 2020 neque
891 1937 1043 2019 post
1070 1933 1501 1999 calamitatem
1527 1954 1854 1999 versuram
1894 1933 2107 1999 facere

171 2019 512 2104 potuisset,
542 2019 653 2086 ille
672 2041 741 2085 se
767 2019 1157 2118 interposuit
1183 2018 1649 2103 pecuniamque
1677 2018 1815 2083 sine
1842 2017 2108 2084 faenore

174 2104 450 2188 sineque
488 2104 624 2170 ulla
677 2103 1093 2188 stipulatione
1138 2101 1434 2185 credidit,
1488 2102 1839 2168 maximum
1896 2102 2109 2167 existi-

172 2208 363 2260 mans
417 2191 785 2274 quaestum,
839 2208 1189 2254 memorem
1231 2190 1611 2273 gratumque
1654 2186 1976 2272 cognosci,
2027 2187 2110 2251 si-

174 2272 442 2358 mulque
481 2272 778 2358 aperiens
821 2293 890 2338 se
916 2293 1055 2338 non
1079 2271 1401 2355 fortunae,
1444 2271 1557 2336 sed
1596 2270 1968 2337 hominibus
2010 2292 2109 2336 so-

175 2358 311 2424 lere
365 2378 502 2423 esse
556 2356 851 2423 amicum.
939 2377 1104 2441 quae
1155 2377 1302 2441 ogni
1352 2355 1656 2439 faciebat,
1710 2376 1902 2421 nemo
1959 2377 2105 2421 eum
2135 2368 2169 2417 6

174 2441 486 2541 temporis
556 2462 748 2507 causa
810 2441 1023 2507 facere
1076 2443 1335 2538 poterat
1393 2440 1786 2506 existimare:
1861 2440 2109 2505 nemini

14 2568 40 2610 ἧ
177 2548 354 2592 enim
410 2548 483 2591 m
526 2525 903 2610 opinionem
943 2524 1245 2591 vemebat
1283 2524 1646 2590 Antonium
1686 2545 1901 2589 rerum
1942 2524 2109 2607 poti-

174 2615 415 2678 turum.
518 2610 632 2677 sed
695 2630 919 2677 sensus
985 2608 1120 2688 eius
1189 2630 1231 2674 a
1292 2609 1626 2675 nonnullis
1689 2605 2105 2693 optimatibus
2134 2618 2165 2667 ’1

174 2694 804 2846 Ϊῗὲἔὲἓξῇᾱώἦιῗῖ
848 2692 1872 2859 ἐῖἶηῗῖἳᾱῖᾒοῶἓῗῗωᾚῗέ
1907 2692 2110 2841 εὲἱῖἓῗ

174 2803 320 2932 gere
373 2828 523 2949 par·
536 2866 704 2929 esset
742 2863 815 2930 in
889 2863 1145 2947 ebatur,
1200 2827 1406 2946 quam,
1437 2799 1593 2946 guid
1636 2860 1747 2925 alii
1788 2859 2109 2927 laudaturi

174 2950 676 3100 forengbnvem
691 2978 930 3099 ⁸subito
957 3030 1223 3098 fortuna
1264 3033 1378 3096 est.
1452 3033 1528 3096 ut
1553 3029 1881 3104 Antonius
1914 3027 2104 3093 rediit
2130 3028 2210 3092 10

175 3119 246 3185 in
287 3117 549 3184 Italiam
564 3167 584 3202 ,
637 3137 830 3206 nemo
884 3136 1022 3182 non
1071 3135 1311 3201 magno
1363 3114 1436 3179 in
1489 3114 1776 3199 periculo
1819 3112 2109 3178 Atticum

219 3205 439 3269 utarat
476 3205 745 3286 propter
785 3201 1083 3266 intimam
1121 3197 1630 3265 familiaritatem
1672 3197 2002 3265 Ciceronis
2044 3200 2109 3261 et

236 3287 387 3354 ruti.
494 3286 714 3371 itaque
770 3284 852 3350 ad
894 3286 1240 3351 adventum
1297 3283 1757 3367 imperatorum
1819 3275 1896 3346 de
1959 3280 2104 3346 foro
2133 3291 2165 3339 2

180 3372 565 3455 decesserat,
619 3370 857 3435 timens
908 3368 1445 3455 proscriptionem
1456 3415 1476 3451 ,
1529 3366 1894 3450 latebatque
1937 3362 2107 3447 apud

178 3456 251 3524 P.
296 3454 745 3540 Volumnium,
788 3454 909 3540 cui,
953 3456 1028 3519 ut
1056 3452 1470 3535 ostendimuS,
1512 3450 1708 3535 paulo
1738 3452 1887 3515 ante
1917 3466 2105 3530 opem
