2409 3825
894 131 1308 181 PRAEFATIO.
1332 165 1336 178 .
1983 137 2075 185 XV

102 284 157 343 J
158 285 414 360 ahnius3
461 295 522 345 at
557 305 760 345 nonne
782 278 899 345 lioc
929 288 1111 347 etiam
1133 288 1531 366 philosophus
1566 286 1770 347 dicere
1791 292 2075 368 poterat}⁸

106 401 196 411 —
236 367 371 427 Sat.
392 370 501 429 IV.
530 367 567 427 3
589 388 620 427 o
647 370 823 429 Lect.
849 369 934 428 H.
958 391 1020 449 p.
1042 370 1151 447 413
1195 374 1300 429 hoc
1321 370 1509 430 Jahn.
1537 403 1622 415 —-
1651 373 1731 432 V.
1768 371 1847 432 26
1887 380 2074 434 milvus

101 454 340 510 oberrat
368 450 574 512 Schol.
596 451 858 533 librique
882 454 1122 532 optimi,
1162 455 1270 513 alii
1304 458 1549 519 obet-reh-
1583 454 1770 514 Jahn.
1800 476 1879 515 ex
1896 459 2073 517 unius

101 535 395 612 vestigiis
426 540 621 593 miluus
651 547 826 595 errat.
861 570 946 581 -
981 537 1059 597 V.
1085 535 1155 596 31
1185 541 1661 611 farratamollam
1693 541 1874 599 etiam
1912 562 2074 600 nunc

103 627 292 677 tueor
316 617 499 677 Statii
521 620 801 696 exemplo
833 620 984 678 Silv.
1004 621 1056 678 I.
1075 617 1133 677 2.
1159 619 1309 680 146:
1338 626 1671 695 plauserunt
1690 627 1875 682 limina
1896 632 2070 700 cycni.

102 738 198 761 -.—
228 704 309 764 V.
343 702 421 763 33
447 707 632 778 friyas
659 723 768 783 pro
776 709 943 792 fiyas
977 704 1252 782 quamvis
1285 706 1638 783 optimorum
1666 706 1909 764 testium
1934 725 2072 763 con-

107 806 304 847 sensu
334 786 813 846 commendatum
838 807 954 846 nec
982 785 1244 845 Jahnius
1275 788 1338 847 in
1369 788 1640 847 ordinem
1675 788 1938 866 recepit,
1968 806 2072 847 ne-

109 889 239 951 que
272 889 386 946 ego
427 878 635 929 tantae
663 870 1037 948 hypallagae
1077 869 1394 930 audaciam
1431 879 1744 948 praestare
1788 870 2074 944 sustinui;

109 949 280 1034 qua‘e
311 962 514 1011 tamen
549 954 614 1012 in
640 952 955 1011 Analectis
984 974 1045 1031 p.
1083 951 1158 1011 14
1201 973 1335 1033 sqq.
1370 953 1446 1012 de
1475 954 1758 1013 universo
1786 954 1921 1012 loco
1956 952 2073 1011 dis-

106 1036 358 1116 putavi,
388 1035 554 1094 haud
580 1045 774 1109 muto,
804 1036 852 1095 J
852 1036 1216 1116 ahniumque
1248 1045 1412 1096 certe
1451 1039 1514 1094 1ιὶ
1548 1054 1728 1096 mores
1760 1034 2076 1095 scribendo

108 1138 408 1179 summam
441 1138 646 1178 eorum
673 1119 962 1198 probasse
991 1120 1202 1178 laetor.
1233 1152 1319 1162 —
1349 1119 1477 1179 Sat.
1507 1120 1585 1180 V.
1630 1118 1666 1179 8
1696 1122 1942 1178 Procnes
1967 1139 2078 1177 nos

111 1223 257 1262 cum
285 1202 717 1281 antiquissimis
745 1202 916 1261 libris
933 1246 948 1274 ,
973 1205 1222 1277 Prognes
1244 1203 1291 1261 J
1292 1203 1507 1262 ahnius
1533 1212 1601 1262 ut
1629 1204 1676 1262 J
1676 1223 1775 1261 uv.
1794 1203 1903 1261 VI.
1923 1202 2076 1276 644,

108 1286 280 1346 idem
305 1294 510 1344 tamen
536 1304 771 1359 cycnum
790 1285 936 1344 ibid.
958 1284 1094 1357 145,
1111 1293 1179 1344 ut
1192 1286 1564 1344 Lachmann.
1595 1287 1658 1343 in
1685 1286 1931 1367 Luci-et.
1959 1285 2075 1344 111.

82 1370 174 1434 ⁷7.
219 1401 305 1412 -
335 1369 411 1428 V.
460 1366 535 1426 13
576 1372 785 1441 stloppo
814 1368 1004 1426 Prisc.
1037 1369 1087 1427 I.
1134 1368 1229 1426 10.
1277 1367 1378 1441 58,
1421 1373 1644 1442 seloppo
1676 1365 2075 1439 Jahnius,li-

109 1453 259 1511 bros
289 1451 481 1527 magis
514 1458 580 1508 ut
607 1449 846 1509 videtur
890 1471 1068 1530 quam
1107 1470 1278 1508 suam
1318 1452 1775 1529 persuasionem
1815 1458 2075 1510 secutus.

56 1533 59 1562 ⁵
113 1568 201 1579 -—-
231 1534 311 1593 V.
355 1533 430 1592 17
465 1537 617 1591 dicas
652 1531 877 1605 Schol.,
908 1537 1042 1591 dicis
1070 1533 1259 1592 Jahn.
1293 1542 1501 1592 contra
1532 1553 1711 1615 quam
1739 1535 1871 1612 ipse
1911 1535 2076 1612 prius

115 1616 339 1689 edidit,
382 1616 690 1695 multoque
735 1617 953 1674 certior
999 1618 1370 1693 conjunctivi
1399 1618 1554 1676 ratio
1598 1625 1850 1675 constat.
1883 1649 1966 1659 -
1999 1617 2074 1677 V.

120 1699 198 1759 19
231 1703 447 1758 bullatis
479 1699 681 1757 multis
712 1698 960 1757 defendi
988 1699 1161 1758 Lect.
1190 1700 1241 1772 Ι,
1269 1721 1332 1779 p.
1365 1698 1479 1772 32,
1516 1700 1730 1781 quibus
1762 1699 1920 1758 adde
1954 1718 2076 1757 cre-

105 1792 315 1858 pantes
357 1786 725 1841 adulationum
754 1785 930 1865 byllas
977 1777 1185 1842 Sidon.
1216 1783 1424 1861 Apoll.
1453 1784 1651 1862 Epist.
1692 1784 1743 1841 Ι.
1776 1783 1846 1857 7;
1887 1782 2074 1841 Jahn.

115 1870 446 1941 ampullatis,
478 1885 597 1947 quo
628 1884 941 1925 caesuram
967 1866 1168 1945 perire
1199 1866 1422 1926 dudum
1464 1867 1768 1939 annotavi,
1787 1886 1949 1925 nunc
1975 1866 2078 1926 vel

115 1953 184 2009 in
205 1949 473 2010 ordinem
499 1951 748 2027 recepit,
760 1949 1216 2009 Lachmannum
1226 1959 1482 2010 testatus
1497 1950 1575 2008 ad
1587 1951 1831 2009 Lucret.
1847 1970 1908 2028 p.
1922 1948 2042 2009 413
2059 1972 2092 2024 3s

121 2054 237 2112 ego
266 2053 412 2092 vero
443 2032 632 2092 malos
666 2053 878 2093 versus
908 2033 1012 2091 vel
1055 2034 1293 2112 optimis
1327 2033 1524 2112 poetis
1566 2033 1867 2092 interdum
1912 2034 2073 2091 exci-

121 2117 286 2175 disse
329 2136 638 2196 nunquam
692 2116 947 2194 negavi,
1003 2116 1195 2176 bonos
1254 2115 1649 2193 conjectando
1700 2114 2078 2194 pessumdari

119 2201 308 2259 licere
345 2200 527 2258 etiam
556 2219 716 2258 nunc
745 2219 1036 2277 pernego.
1078 2232 1163 2244 —-
1192 2200 1271 2260 V.
1309 2197 1389 2259 26
1418 2203 1504 2257 his
1535 2199 1709 2258 Lect.
1749 2198 1834 2271 H,
1873 2219 1935 2277 p.
1977 2195 2076 2270 48,

119 2286 212 2341 hic
240 2281 426 2341 Jahn.
459 2315 542 2326 -·-
573 2283 651 2341 V.
683 2284 763 2341 77
795 2302 978 2356 vappa
1009 2287 1190 2357 lippus
1221 2284 1352 2342 sine
1395 2282 1613 2361 copula
1652 2281 1913 2341 libenter
1945 2300 2079 2341 cum

121 2364 169 2425 J
170 2366 349 2425 ah'nio
382 2366 619 2442 recepi3
644 2384 766 2423 non
785 2366 931 2424 item
958 2386 1019 2423 v.
1058 2366 1175 2424 117
1210 2372 1267 2424 in
1294 2386 1405 2445 pro
1435 2369 1535 2423 sab
1560 2374 1802 2439 pectore,
1835 2384 1953 2445 quo
1981 2383 2074 2422 re·

124 2447 367 2508 condita
397 2447 629 2506 malitia
658 2447 843 2505 multo
874 2448 1135 2509 vividius
1167 2448 1547 2508 describitur.
1576 2482 1660 2493 --
1688 2448 1767 2507 V.
1804 2445 1919 2507 138
1943 2451 2078 2509 baro

121 2551 231 2610 pro
265 2551 399 2588 varo
426 2530 594 2589 haud
621 2539 873 2606 gravate
903 2529 1150 2605 admisi,
1186 2533 1380 2590 minus
1421 2539 1614 2590 tutum
1638 2552 1697 2590 v.
1734 2527 1853 2589 142
1880 2535 1941 2588 m·
1969 2550 2076 2608 pro

120 2619 230 2672 nisi
263 2615 459 2672 visum
501 2621 620 2687 est3
652 2633 713 2670 v.
760 2611 876 2673 149
919 2622 1121 2672 autem
1160 2622 1503 2693 temperare
1546 2615 1692 2672 mihi
1736 2632 1858 2671 non
1891 2613 2077 2691 potui,
2107 2680 2114 2687 ἐ

126 2698 270 2776 quin
299 2697 493 2755 veteri
521 2715 696 2756 meae
744 2697 1128 2773 conjecturae
1177 2698 1377 2756 locum
1428 2698 1585 2755 inter
1625 2696 1816 2755 verba
1858 2703 2077 2774 poetae

127 2779 330 2838 darem
344 2825 359 2852 ,
405 2799 478 2838 eo
520 2788 753 2837 tantum
794 2786 1269 2857 temperamento
1316 2779 1585 2838 adhibito
1605 2823 1620 2852 ,
1662 2788 1730 2837 ut
1782 2782 1969 2836 avidos
2016 2778 2079 2834 in

126 2866 280 2925 avido
335 2863 554 2921 mutari
608 2861 851 2920 facilius
908 2882 1090 2940 quam
1138 2864 1201 2922 in
1250 2866 1400 2921 avidi
1441 2861 1779 2937 videretur3
1831 2877 2079 2918 nummos

125 2964 270 3004 vero
286 2989 301 3017 ,
340 2965 461 3004 non
502 2949 710 3003 nummi
746 2943 1131 3004 scribendum
1176 2946 1366 3006 fuisse
1410 2953 1753 3004 constanter
1795 2941 2076 3003 defendo.

124 3031 402 3102 Perayere
430 3029 590 3087 enim
633 3046 768 3086 esse
813 3046 1132 3087 consumere
1146 3073 1161 3102 ,
1192 3037 1460 3089 nostrum
1488 3031 1920 3101 durchbrinyen,
1951 3043 2074 3083 ma·

125 3112 342 3171 nifesto
382 3111 644 3170 ostendit
675 3108 804 3169 Sat.
835 3110 945 3170 VI.
989 3109 1099 3184 22,
1142 3113 1530 3191 postulatque
1582 3110 1944 3170 contrarium
1985 3109 2078 3167 sui

126 3193 495 3273 praecedens
542 3198 852 3256 nutrieras.-
900 3194 1053 3253 sicut
1094 3204 1297 3256 autem
1341 3211 1588 3252 nummos
1632 3194 1938 3273 quincunx
1966 3212 2075 3250 nu·-

126 3278 255 3349 trit,
296 3278 380 3334 ita
427 3276 691 3336 deunces
727 3276 972 3335 eosdem
1015 3297 1311 3356 peragere
1350 3277 1573 3336 rectius
1617 3296 1798 3356 quam
1833 3275 1951 3354 ipsi
2001 3274 2078 3332 ab

127 3360 245 3418 illis
280 3361 493 3437 peragi
533 3359 837 3434 dicentur3
884 3368 1070 3438 utque
1110 3382 1223 3440 per
1264 3380 1331 3420 se
1375 3360 1507 3419 veri
1552 3358 1824 3418 absimile
1860 3365 1951 3416 est
1989 3374 2078 3413 sa-

130 3446 309 3502 dorem
339 3444 604 3521 epitheto
639 3461 848 3501 carere
868 3487 883 3515 ,
913 3444 1000 3500 ita
1028 3447 1221 3504 avidus
1247 3445 1417 3501 sudor
1456 3440 1931 3500 commodissime
1972 3437 2077 3497 de·
