2409 3825
708 214 828 262 xx.
902 211 1287 262 Tmomon.
1334 207 1380 258 1.
1421 208 1474 259 2.
1975 197 2097 291 83·

206 354 341 416 sset
368 369 524 434 esse,
569 352 823 420 tantum
852 347 1017 413 afuit
1050 369 1090 412 a
1118 347 1422 412 societate
1452 346 1726 431 sceleriS,
1771 351 1847 413 ut
1884 352 2062 415 ante·

117 372 352 501 ffierlt
375 434 615 498 civium
658 454 922 497 suorum
948 426 1314 496 libertatem
1354 431 1574 496 fratris
1617 430 1811 496 saluti
1842 436 1908 498 et
1947 455 2061 518 pa·

119 540 261 584 rere
318 518 572 604 legibus
628 538 820 602 quam
862 512 1178 600 imperare
1232 515 1479 600 patriae
1535 515 1734 581 satius
1786 515 2057 584 duxerit.

120 604 244 669 hac
299 605 516 668 mente
568 622 686 685 per
736 600 1141 685 haruspicem
1198 619 1730 684 communemque
1773 600 2056 687 affinem,
2081 612 2125 664 4

119 687 226 753 cui
271 707 457 754 soror
499 707 579 752 ex
622 680 859 749 eisde'm
901 683 1276 769 parentibus
1318 687 1474 749 nata
1499 686 1706 768 nupta
1734 689 1889 770 erat,
1933 684 2060 750 fra-

116 776 289 838 trem
354 775 705 856 tyrannum
767 767 1291 834 interficiundum
1354 768 1620 834 curavit.
1723 768 1863 854 ipse
1924 791 2062 835 non

117 853 316 922 modo
374 876 604 919 manus
655 874 792 919 non
845 852 1065 918 attulit
1148 852 1263 917 sed
1312 872 1396 918 ne
1573 853 1739 920 icere
1800 852 2062 938 quidem

117 939 483 1005 fraternum
536 937 918 1023 sanguinem
976 902 1202 1001 voluit.
1303 957 1456 1002 nam
1563 960 1674 1004 um
1737 957 1841 1003 res
1910 958 2067 1003 con·
2148 972 2165 1029 ἒ

118 1025 450 1106 ficeretur,
505 1022 733 1106 procul
786 1021 858 1085 in
911 1019 1229 1105 praesidio
1277 1019 1434 1123 fuit?
1488 1042 1573 1087 ne
1617 1022 1761 1108 quis
1803 1021 2059 1088 satelles
2172 1044 2177 1053 ·
2214 1034 2231 1095 ‚f

119 1111 348 1192 posset
389 1127 774 1173 succurrere.
861 1104 987 1170 hoc
1001 1182 1021 1194 ἡ
1029 1104 1605 1190 praeclarissimum
1649 1106 1784 1172 eius
1812 1105 2057 1172 factum
2083 1116 2123 1169 ὀ
2188 1098 2261 1191 ³³1

118 1213 260 1257 non
303 1191 446 1276 pari
487 1189 680 1255 modo
723 1189 1067 1275 probatum
1110 1193 1210 1255 est
1249 1189 1331 1254 ab
1376 1192 1702 1256 omnibus:
1757 1190 2062 1257 nonnulli
2170 1190 2187 1243 ι’
2262 1194 2287 1223 ““
2312 1258 2339 1289 x.

120 1276 302 1341 enim
330 1276 569 1340 laesam
612 1273 694 1338 ab
738 1295 813 1339 eo
842 1273 1149 1358 pietatem
1191 1275 1510 1358 putabant
1551 1279 1617 1341 et
1651 1274 1898 1342 invidia
1924 1275 2061 1341 lau·
2140 1246 2173 1399 s

123 1360 270 1425 dem
311 1359 575 1424 ‘virtutis
607 1358 1001 1424 obterebant.
1075 1362 1283 1422 mater
1323 1379 1476 1424 vero
1504 1361 1656 1444 post
1694 1358 1764 1423 id
1816 1358 2061 1423 factum
2136 1402 2147 1447 3

119 1465 338 1527 neque
397 1444 657 1508 domum
711 1440 793 1505 ad
844 1463 912 1507 se
965 1441 1172 1507 filium
1224 1430 1484 1507 admisit
1532 1463 1742 1527 neque
1791 1443 2059 1527 aspexit,

119 1528 288 1613 quin
333 1549 480 1592 eum
520 1525 915 1591 fratricidam
969 1526 1060 1591 im
1105 1525 1367 1610 iumque
1420 1525 1741 1592 detestans
1784 1527 2061 1611 compel-

117 1614 308 1677 laret.
383 1611 613 1695 quibus
654 1610 844 1675 rebus
885 1609 995 1675 ille
1107 1631 1183 1676 eo
1228 1612 1327 1676 est
1366 1614 1743 1695 commotus,
1785 1613 1862 1675 ut
1895 1631 2055 1676 non-
2083 1622 2121 1675 ο

120 1717 485 1779 numquam
537 1695 708 1759 vitae
761 1695 958 1759 finem
998 1694 1211 1759 facere
1253 1694 1532 1760 voluerit
1583 1700 1775 1779 atque
1829 1715 1907 1760 ex
1960 1694 2058 1761 in·

129 1783 466 1867 gratorum
508 1779 845 1844 hominum
900 1781 1248 1862 conspectu
1288 1782 1496 1844 morte
1540 1778 1859 1845 decedere.

292 1862 565 1930 Interim
628 1861 843 1929 Dione
908 1860 1239 1948 Syracusis
1302 1862 1645 1931 interfecto
1708 1862 2058 1950 Dionysius
2087 1863 2134 1930 2

126 1970 347 2016 rursus
401 1946 447 2014 S
600 1968 861 2012 usarum
921 1946 1167 2031 potitus
1233 1951 1348 2014 est.
1467 1948 1648 2014 cuius
1710 1948 2059 2015 adversarii

125 2053 462 2183 ,fissam
487 2031 1161 2200 mssffimfs
1194 2023 2057 2183 massanis&

127 2200 311 2268 <libili
351 2166 659 2266 felicitate
687 2198 1073 2283 Dionysium
1112 2202 1255 2265 tota
1296 2198 1516 2267 Sicilia
1557 2199 1822 2286 depulit.
1908 2222 2059 2294 {Em
2079 2212 2113 2264 2

123 2285 483 2351 interficere
526 2287 761 2369 posset,
802 2283 1031 2367 noluit,
1073 2287 1345 2369 tutoque
1386 2289 1463 2349 ut
1491 2284 1874 2351 Corinthum
1913 2306 2056 2370 per·

125 2369 378 2435 veniret
420 2368 648 2453 effecit,
693 2367 866 2452 quod
918 2371 1339 2453 utrorumque
1390 2368 1854 2454 Dionysiorum
1920 2370 2056 2454 opi-

126 2455 246 2520 bus
291 2451 615 2520 Corinthii
644 2472 831 2535 saepe
862 2450 1063 2517 adiuti
1091 2452 1367 2537 fuerant,
1411 2452 1591 2540 cuius
1635 2453 2055 2539 benignitatis

122 2537 500 2604 memoriam
543 2536 803 2603 volebat
830 2539 1096 2620 exstare,
1140 2557 1407 2621 eamque
1433 2536 1827 2622 praeclaram
1856 2536 2056 2603 victo-

123 2623 290 2688 riam
320 2622 611 2705 ducebat,
653 2620 724 2684 in
768 2641 895 2705 qua
920 2619 1066 2705 plus
1096 2623 1264 2685 esset
1290 2620 1666 2686 cle‘mentiae
1696 2640 1888 2705 quam
1916 2641 2056 2687 cru-

125 2706 430 2790 dentatis,
473 2708 800 2790 postremo
829 2707 903 2769 ut
945 2725 1083 2770 non
1109 2703 1318 2769 solum
1359 2705 1619 2769 auribus
1641 2703 2054 2790 acciperetur,

122 2790 236 2856 sed
267 2790 461 2856 etiam
494 2788 696 2854 oculis
709 2785 1107 2873 ‘cerneretun
1152 2810 1345 2874 quem
1373 2791 1439 2855 et
1467 2810 1546 2854 ex
1574 2791 1820 2873 quanto
1849 2808 2052 2874 regno

121 2875 204 2940 ad
248 2895 444 2959 quam
484 2872 813 2939 fortunam
857 2873 1205 2939 detulisset.
1291 2875 1443 2958 post
1491 2872 1791 2959 Dionysii
1843 2873 2114 2962 deces·8

120 2980 265 3025 sum
311 2979 458 3024 cum
498 2957 730 3025 Hiceta
780 2957 1074 3042 bellavit,
1130 2956 1243 3041 qui
1297 2957 1665 3024 adversatus
1720 2960 1857 3024 erat
1897 2955 2054 3023 Dio-

118 3043 344 3129 nysio:
411 3063 602 3127 quem
661 3063 796 3108 non
853 3042 999 3108 odio
1061 3040 1422 3127 tyrannidis
1475 3042 1873 3125 dissensisse,
1941 3040 2055 3107 sed

120 3126 474 3212 cupiditate
515 3126 754 3193 indicio
796 3125 953 3211 fuit,
1011 3127 1184 3224 quod
1234 3127 1374 3210 ipse
1423 3126 1687 3212 expulso
1730 3124 1907 3191 Dion
1952 3125 2050 3190 sio

118 3211 465 3312 imperium
509 3211 828 3311 dimittere
868 3210 1099 3309 noluit.
1144 3294 1160 3310 ·
1197 3210 1326 3309 hoc
1367 3215 1665 3296 superato
1709 3209 1896 3309 Timo
1924 3229 2051 3275 eon
2076 3221 2113 3272 4

118 3382 365 3447 fiumen
417 3316 714 3446 suffigi?
734 3294 1026 3446 &astatis
1087 3293 1643 3468 hablezlffioggitff
1710 3378 1786 3468 si·
1827 3375 2052 3468 liceret

118 3466 415 3534 Africam
464 3400 787 3551 offiium,
831 3464 944 3549 qui
984 3465 1115 3531 iam
1157 3462 1516 3547 complures
1558 3481 1763 3529 annos
1804 3476 2051 3544 posses·

1571 3566 1603 3615 6
1616 3564 1641 3591 0
