2409 3825
1113 119 1196 179 lv

322 304 566 346 eernere
593 293 939 362 coeperunt,
967 286 1317 347 contendere
1340 307 1405 347 se
1429 297 1598 367 atque
1622 306 1820 367 parare
1838 335 1857 367 ‚

320 387 436 429 nec
459 371 582 429 sine
605 384 677 427 eo
705 368 826 427 fieri
847 385 1024 446 posse
1048 378 1108 428 ut
1132 388 1426 432 cernamus
1450 369 1657 431 acute?

322 462 385 512 et
409 453 668 512 tamenin
689 451 864 510 rebus
887 468 1114 530 quoque
1138 455 1352 532 apertis
1377 471 1623 516 noscere
1648 459 1841 535 possis
1856 501 1876 535 ,

324 539 510 596 sinon
531 536 790 596 advertas
814 537 1050 594 animum
1067 582 1084 613 ‚
1109 536 1351 614 proinde
1372 557 1506 599 esse
1531 541 1692 617 quasi
1714 542 1860 599 omni

189 631 302 684 810
323 629 584 698 tempore
608 627 885 679 semotum
908 618 1076 679 fuerit
1097 618 1389 699 longeque
1410 631 1704 682 remotum.

329 720 432 762 cur
452 704 622 780 igitur
641 705 925 780 mirumst,
949 704 1160 763 animus
1185 707 1233 764 si
1259 715 1450 765 cetera
1472 705 1657 784 perdit

325 795 558 865 praeter
577 803 740 864 quam
764 786 966 864 quibus
989 788 1156 847 estin
1177 787 1351 847 rebus
1376 788 1597 849 deditus
1619 786 1789 868 ipse?

330 869 534 930 deinde
559 870 920 948 adopinamur
942 869 1013 929 de
1037 873 1216 947 signis
1240 874 1470 931 maxima
1493 875 1682 950 parvis
1699 919 1717 950 ‚

328 972 398 1013 ac
418 970 524 1014 nos
547 955 602 1012 in
625 953 878 1013 fraudem
898 954 1174 1014 induimus
1200 954 1568 1015 frustraminis
1593 957 1721 1034 ipsi.
1756 954 1781 1037 Η

193 1049 305 1101 815
411 1036 500 1097 Fit
523 1055 751 1116 quoque
771 1046 831 1097 ut
853 1037 1132 1097 interdum
1151 1056 1266 1098 non
1288 1039 1684 1117 suppeditetur
1705 1042 1889 1120 imago

329 1120 587 1181 eiusdem
607 1123 838 1198 generis
854 1166 872 1196 ‚
896 1120 1001 1181 sed
1023 1121 1229 1182 femina
1252 1141 1396 1201 quae
1421 1122 1523 1183 fuit
1545 1133 1672 1184 ante
1688 1170 1706 1202 ,

330 1206 385 1263 in
407 1204 660 1265 manibus
682 1206 769 1264 vir
788 1207 866 1264 uti
893 1205 1079 1287 factus
1107 1206 1367 1266 videatur
1384 1205 1590 1267 adesse
1607 1253 1625 1285 ,

329 1298 424 1347 aut
446 1287 553 1348 alia
576 1306 649 1348 ex
667 1286 775 1348 alia
798 1288 977 1349 facies
1000 1298 1274 1368 aetasque
1294 1299 1581 1368 sequatur.

331 1371 484 1449 quod
511 1391 584 1432 ne
606 1373 869 1431 miremur
890 1390 1069 1451 sopor
1087 1383 1258 1452 atque
1284 1373 1491 1433 oblivia
1516 1383 1727 1434 curant.

192 1468 307 1520 820
385 1454 413 1532 Η
440 1455 587 1515 Illud
607 1457 663 1514 in
686 1456 772 1516 his
795 1456 970 1515 rebus
992 1459 1187 1516 vitium
1210 1467 1507 1518 vementer
1526 1475 1755 1517 avemus

328 1551 388 1600 te
412 1540 673 1617 effugere
695 1585 710 1617 ,
736 1556 988 1599 errorem
1010 1542 1306 1619 vitareque
1331 1549 1787 1619 praemetuenter
1802 1586 1820 1618 ‚

326 1623 534 1683 lumina
553 1641 626 1683 ne
647 1623 821 1683 facias
850 1622 1143 1683 oculorum
1167 1623 1319 1683 clara
1353 1633 1541 1684 creata
1559 1669 1577 1701 ,

328 1707 666 1786 prospicere
688 1716 748 1767 ut
771 1725 1071 1785 possemus
1090 1754 1108 1785 ‚
1134 1716 1194 1767 et
1215 1717 1275 1766 ut
1296 1707 1556 1786 proferre
1582 1724 1850 1786 queamus

327 1806 607 1870 proceros
630 1808 832 1869 passus
851 1836 868 1867 ‚
892 1791 1024 1850 ideo
1048 1791 1273 1869 fastigia
1295 1807 1473 1870 posse

191 1885 303 1939 825
328 1891 579 1936 surarum
596 1891 664 1934 ac
687 1872 952 1934 feminum
976 1874 1220 1955 pedibus
1245 1874 1470 1936 fundata
1494 1872 1727 1954 plicari,

327 1959 559 2020 brachia
578 1967 695 2018 tum
715 1975 890 2037 porro
919 1959 1121 2020 validis
1144 1978 1219 2019 ex
1241 1969 1371 2039 apta
1395 1958 1627 2019 lacertis

279 2082 309 2109 .
329 2061 465 2103 esse
488 2060 797 2120 manusque
824 2042 977 2103 datas
1000 2053 1238 2122 utraque
1264 2062 1343 2104 ex
1369 2052 1529 2123 parte
1552 2044 1831 2104 ministras
1848 2090 1865 2119 ,

328 2136 389 2186 ut
411 2126 605 2186 facere
628 2126 695 2186 ad
719 2128 886 2186 vitam
909 2144 1213 2205 possemus
1239 2145 1383 2205 quae
1406 2128 1558 2187 foret
1580 2145 1736 2187 usus.

331 2219 525 2270 cetera
554 2208 624 2268 de
648 2227 865 2287 genere
887 2210 999 2269 hoc
1022 2212 1169 2269 inter
1192 2228 1583 2290 quaecumque
1606 2219 1928 2289 pretantur,

186 2305 303 2358 830
328 2295 510 2353 omnia
532 2310 806 2372 perversa
825 2303 1198 2373 praepostera
1221 2304 1349 2354 sunt
1371 2298 1590 2355 ratione
1610 2340 1629 2371 ,

327 2376 404 2436 nil
427 2376 559 2436 ideo
580 2379 838 2454 quoniam
858 2385 1102 2438 natumst
1122 2379 1178 2436 in
1202 2396 1447 2457 corpore
1469 2388 1529 2438 ut
1554 2381 1633 2439 uti

329 2478 633 2539 possemus
650 2506 668 2538 ‚
694 2460 798 2520 sed
823 2460 974 2540 quod
994 2471 1237 2522 natumst
1259 2462 1316 2521 id
1337 2470 1602 2541 procreat
1626 2480 1804 2521 usum.

326 2561 439 2603 nec
462 2544 566 2603 fuit
588 2553 717 2603 ante
738 2546 935 2604 videre
963 2544 1256 2605 oculorum
1279 2545 1483 2605 lumina
1507 2556 1694 2605 natum
1711 2590 1729 2622 ,

327 2646 438 2687 nee
460 2627 626 2688 dictis
649 2644 811 2688 orare
836 2630 994 2707 prius
1019 2648 1182 2708 quam
1201 2629 1391 2707 lingua
1417 2638 1658 2688 creatast
1673 2672 1692 2705 ‚

190 2722 301 2774 835
329 2710 435 2772 sed
457 2713 647 2791 potius
671 2710 844 2790 longe
868 2711 1095 2790 linguae
1116 2714 1436 2791 praecessit
1460 2714 1623 2788 origo

329 2793 650 2855 sermonem
669 2841 687 2873 ‚
711 2795 1004 2875 multoque
1032 2805 1254 2855 creatae
1285 2805 1411 2856 sunt
1435 2797 1588 2873 prius
1619 2811 1784 2853 aures

328 2896 493 2957 quam
520 2896 695 2940 sonus
722 2889 812 2941 est
837 2879 1055 2940 auditus
1072 2925 1088 2957 ,
1116 2888 1175 2939 et
1209 2881 1390 2938 omnia
1417 2878 1660 2956 denique
1683 2876 1930 2935 membra

326 2972 457 3022 ante
485 2963 650 3023 fuere
666 3008 684 3040 ,
709 2972 768 3022 ut
793 2965 1028 3042 opinor,
1054 2979 1251 3023 eorum
1275 2980 1438 3042 quam
1466 2961 1615 3022 foret
1638 2979 1808 3021 usus:

327 3045 474 3105 haud
498 3048 668 3123 igitur
691 3057 934 3125 potuere
956 3045 1147 3106 utendi
1173 3061 1445 3107 crescere
1470 3064 1656 3106 causa.

189 3138 303 3191 840
333 3138 389 3187 at
413 3139 609 3190 contra
632 3129 893 3190 conferre
916 3148 1079 3189 manu
1103 3132 1404 3191 certamina
1425 3149 1649 3209 pugnae

327 3221 386 3271 et
406 3212 668 3273 lacerare
691 3223 843 3275 artus
872 3213 1224 3292 foedareque
1247 3214 1495 3274 membra
1520 3230 1724 3273 cruore

326 3306 455 3355 ante
478 3296 582 3356 fuit
604 3295 780 3356 multo
803 3313 966 3376 quam
990 3295 1176 3357 lucida
1197 3296 1315 3357 tela
1337 3296 1629 3375 volarent,

325 3389 384 3439 et
404 3378 613 3440 volnus
643 3382 822 3440 vitare
842 3384 998 3459 prius
1021 3391 1216 3442 natura
1239 3383 1434 3457 coegit

232 3468 559 3521 Lucnerms,
1795 3461 1837 3521 8

2028 121 2153 187 113
