2409 3825
979 212 1228 260 SArmA
1267 211 1370 260 111.
1715 273 1722 278 ,
2084 203 2121 261 7

144 354 468 433 Praecipui
511 362 679 413 sunto
727 353 914 431 sitque
957 351 1072 410 illis
1117 369 1292 410 aurea
1335 350 1533 411 barba.

145 439 381 498 Aurum
421 456 560 497 vasa
612 436 832 496 Numae
875 436 1254 512 Saturniaque
1307 435 1527 512 impulit
1576 452 1733 510 aera,

142 515 557 599 Vestalesque
598 532 769 579 urnas
816 528 874 578 et
918 518 1164 578 Tuscum
1209 518 1387 577 fictile
1429 527 1625 577 mutat.
2058 530 2127 582 60

149 603 206 663 Ο
260 619 475 664 curvae
521 607 577 663 in
619 604 790 663 terris
834 603 1054 661 animae
1099 610 1160 660 et
1204 601 1543 660 coelestium
1586 602 1817 662 inanes!

150 687 316 760 Quid
362 689 546 762 iuvat,
590 686 698 746 hos
751 686 981 763 templis
1027 693 1261 743 nostros
1304 686 1608 743 immittere
1652 702 1868 761 mores,

149 770 235 830 Et
280 770 430 830 bona
474 771 561 830 dis
602 789 678 829 ex
720 769 828 829 hac
875 768 1163 827 scelerata
1210 767 1425 826 ducere
1469 767 1687 846 pulpa?

150 853 325 913 Haec
372 853 480 912 sibi
521 862 797 931 corrupto
842 854 1052 911 casiam
1093 850 1361 910 dissolvit
1407 852 1587 926 olivo,

150 935 324 996 Haec
369 935 674 996 Calabrum
720 936 877 995 coxit
919 935 1116 993 vitiato
1165 935 1384 993 murice
1429 934 1639 1010 vellus,
2054 950 2119 1002 65

151 1019 323 1079 Haec
370 1020 606 1079 baccam
650 1018 909 1079 conchae
950 1019 1166 1076 rasisse
1212 1027 1269 1076 et
1308 1020 1594 1094 stringere
1635 1038 1813 1079 venas

153 1102 465 1162 Ferventis
509 1120 735 1162 massae
778 1102 954 1161 crudo
1001 1102 1072 1160 de
1118 1100 1360 1178 pulvere
1414 1104 1595 1160 iussit.

155 1185 377 1245 Peccat
422 1196 480 1245 et
523 1186 703 1262 haec,
753 1193 992 1264 peccat:
1039 1185 1179 1243 vitio
1224 1193 1409 1245 tamen
1455 1187 1655 1254 utitur;
1705 1198 1774 1247 at·
1806 1206 1912 1248 vos

156 1267 390 1345 Dicite,
436 1269 880 1347 pontifices‚-in
925 1276 1127 1326 sancto
1175 1269 1311 1345 quid
1355 1269 1492 1328 facit
1536 1268 1775 1328 aurum?

157 1350 389 1429 Nempe
433 1352 547 1411 hoc
591 1353 745 1429 quod
791 1351 1008 1410 Veneri
1053 1351 1298 1408 donatae
1345 1368 1375 1409 a
1418 1352 1640 1426 virgine
1685 1371 1897 1429 pupae.
2051 1365 2119 1418 70

160 1433 316 1505 Quin
361 1435 557 1494 damus
600 1434 658 1493 id
704 1434 964 1512 superis,
1011 1433 1084 1491 de
1127 1450 1331 1508 magna
1375 1435 1528 1511 quod
1574 1435 1711 1493 dare
1754 1436 1920 1496 lance

158 1516 293 1576 Non
347 1520 533 1596 possit
570 1519 767 1594 magni
810 1515 1122 1574 Messallae
1167 1514 1324 1593 lippa
1369 1533 1666 1594 propago:

164 1598 561 1678 compositum
604 1602 691 1659 ius
736 1601 944 1677 fasque
988 1599 1190 1673 animi,
1238 1608 1589 1678 sanctosque
1635 1619 1905 1661 recessus

161 1683 405 1760 Mentis,
456 1693 515 1744 et
559 1686 845 1743 incoctum
890 1698 1183 1756 generoso
1229 1690 1434 1758 pectus
1479 1683 1746 1743 honesto.

160 1766 325 1827 Haec
373 1768 521 1828 cedo
565 1775 627 1827 ut
670 1767 1005 1828 admoveam
1038 1764 1313 1843 templis,
1366 1775 1423 1824 et
1471 1767 1625 1827 farre
1677 1767 1873 1827 litabo.
2051 1779 2114 1831 75

809 2050 1283 2164 sATIRA
1342 2100 1466 2163 111.

163 2222 397 2330 Nempe
439 2252 584 2313 haec
628 2253 903 2316 assidue?
942 2258 1051 2316 iam
1096 2257 1312 2317 clarum
1355 2275 1521 2316 mane
1562 2257 1851 2314 fenestras

165 2339 340 2398 Intrat
384 2344 444 2394 et
487 2347 761 2413 angustas
806 2341 1065 2400 extendit
1106 2341 1317 2399 lumine
1361 2342 1563 2407 rimas:

102 2428 109 2435 '
166 2420 465 2482 Stertimus
510 2420 837 2481 indomitum
882 2423 1036 2500 quod
1078 2424 1421 2501 despumare
1462 2422 1796 2499 Falernum!

168 2503 453 2577 Sufficiat,
502 2504 694 2582 quinta
737 2505 865 2564 dum
909 2505 1060 2565 linea
1104 2508 1353 2582 tangitur
1396 2506 1613 2565 umbra.

166 2587 251 2647 En
295 2583 643 2730 quidffis?
676 2621 761 2634 —-
805 2587 1029 2650 Siccae
1063 2591 1289 2650 insana
1334 2592 1620 2650 canicula
1658 2607 1884 2649 messes
2081 2598 2113 2649 5

120 2726 127 2733 .
165 2668 302 2731 Iam
344 2669 428 2729 du
518 2688 577 2729 m
618 2673 818 2749 coquit
857 2679 917 2734 et
953 2675 1169 2749 patula
1210 2691 1404 2750 pecus
1442 2691 1616 2734 omne
1650 2672 1761 2732 sub
1802 2673 1961 2732 ulmo
2006 2679 2107 2744 est„

167 2753 323 2813 Unus
371 2753 446 2810 ait
492 2754 776 2813 comitum.
801 2789 885 2803 -.
922 2753 1254 2814 Verumne?
1297 2752 1495 2814 itane?
1539 2757 1701 2815 ocius
1746 2755 1895 2815 adsit

166 2836 288 2898 Huc
331 2835 565 2913 aliquis!
610 2835 886 2897 nemon'?
911 2872 995 2884 —-
1037 2838 1346 2914 Turgescit
1386 2840 1570 2898 vitrea
1617 2837 1779 2896 bilis:

166 2917 478 2979 Findor—
518 2928 580 2978 ut
625 2919 912 2980 Arcadiae
956 2924 1230 2998 pecuaria
1272 2922 1483 2980 rudere
1527 2922 1705 2983 dicas.

166 3002 281 3062 Iam
329 3001 479 3061 liber
522 3012 580 3062 et
620 3004 825 3081 positis
873 3003 1101 3063 bicolor
1143 3003 1472 3064 membrana
1524 3004 1750 3082 capillis
2047 3013 2113 3063 lo

167 3085 344 3163 Inque
384 3102 582 3144 manus
634 3086 868 3146 chartae
911 3087 1252 3165 nodosaque
1295 3088 1452 3146 venit
1497 3088 1735 3147 arundo.

168 3167 323 3227 Tunc
368 3170 687 3246 querimur,
740 3187 972 3230 crassus
1013 3170 1236 3230 calamo
1284 3169 1435 3247 quod
1481 3170 1733 3246 pendeat
1774 3169 1995 3243 humor,

166 3250 340 3328 Nigra
386 3251 541 3329 quod
583 3252 769 3311 infusa
808 3263 1087 3313 vanescat
1131 3255 1296 3331 sepia
1339 3252 1597 3330 lympba;

166 3333 384 3394 Dilutas
434 3335 721 3412 querimur
762 3338 1015 3412 geminet
1058 3336 1214 3414 quod
1257 3335 1445 3394 fistula
1488 3344 1699 3411 guttas.

169 3415 216 3476 Ο
263 3417 436 3479 miser
479 3419 653 3497 inque
693 3419 816 3479 dies
859 3418 1009 3480 ultra
1053 3421 1263 3496 miser,
1306 3419 1513 3478 hucine
1557 3417 1746 3476 rerum
2045 3426 2108 3478 15
