2409 3825
218 170 341 236 116
724 255 738 263 ο
1181 169 1264 229 1v

255 348 359 403 920
385 340 742 416 eiectamque
774 336 956 407 foras;
984 355 1100 397 non
1121 354 1377 396 omnem:
1400 353 1643 416 namque
1668 336 1885 398 iaceret

384 432 621 483 aeterno
647 438 859 499 corpus
887 421 1182 500 perfusum
1205 419 1423 497 frigore
1451 419 1572 481 leti.

387 508 602 586 quippe
622 551 641 582 ‚
666 505 762 564 ubi
785 505 938 565 nulla
961 505 1143 565 latens
1166 504 1365 563 animai
1389 520 1521 582 pars
1543 513 1864 564 remaneret

384 592 441 650 in
464 590 732 650 memhris
749 635 765 665 ‚
794 592 986 649 cinere
1009 597 1069 648 ut
1092 586 1263 648 multa
1284 586 1424 647 latet
1448 588 1685 649 obrutus
1708 589 1859 667 ignis
1877 634 1895 667 ‚

386 674 535 735 unde
559 672 861 734 reconflari
885 692 1090 735 sensus
1115 690 1223 752 per
1243 672 1495 732 membra
1519 682 1768 752 repente

260 767 361 822 925
391 768 628 837 posset,
653 766 714 817 ut
738 775 813 816 ex
832 759 951 836 igni
974 775 1151 817 caeco
1175 773 1530 834 consurgere
1558 754 1818 817 flamma?

476 841 593 902 Sed
618 841 823 919 quibus
844 841 990 901 haec
1011 842 1185 902 rebus
1211 841 1432 900 novitas
1461 840 1666 901 confiat
1684 886 1703 918 ,
1731 851 1789 901 et
1812 840 1962 901 unde

388 925 703 1005 perturbari
726 925 903 984 anima
926 934 986 985 et
1016 943 1226 1004 eorpus
1252 924 1633 1001 languescere
1656 925 1878 1003 possit,

390 1007 719 1087 expediam:
750 1016 810 1067 tu
839 1008 931 1068 fac
954 1027 1026 1069 ne
1050 1011 1237 1069 ventis
1261 1009 1439 1068 verba
1463 1006 1815 1088 profundam.

389 1093 668 1171 principio
693 1100 926 1152 externa
951 1111 1161 1173 corpus
1187 1092 1257 1152 de
1283 1101 1444 1170 parte
1467 1111 1773 1154 necessum
1798 1102 1920 1170 est,

266 1185 371 1239 930
392 1178 562 1236 aeriis
590 1177 848 1257 quoniam
872 1178 1116 1237 vicinum
1138 1178 1386 1253 tangitur
1406 1177 1557 1237 auris
1578 1223 1595 1254 ‚

390 1259 613 1321 tundier
633 1269 804 1340 atque
828 1261 899 1321 ab
921 1261 1048 1322 ibus
1076 1261 1282 1321 crebro
1306 1259 1586 1340 pulsarier
1607 1262 1725 1320 ictu
1740 1306 1759 1337 ‚

392 1354 813 1425 proptereaque
837 1344 961 1405 fere
982 1363 1077 1405 res
1104 1362 1303 1407 omnes
1328 1354 1422 1404 aut
1445 1346 1603 1404 corio
1634 1354 1765 1405 sunt

392 1438 487 1488 aut
509 1430 676 1490 etiam
700 1429 934 1490 conchis
960 1439 1052 1489 aut
1077 1427 1227 1489 callo
1250 1438 1344 1488 aut
1367 1430 1585 1489 cortice
1613 1438 1822 1489 tectae.

391 1514 719 1573 interiorem
749 1513 916 1573 etiam
942 1521 1159 1591 partem
1185 1513 1529 1591 spirantibus
1555 1517 1683 1572 aer*

268 1605 370 1659 935
393 1597 657 1657 verberat
683 1597 776 1656 hic
798 1596 978 1674 idem,
1005 1615 1132 1656 cum
1155 1596 1378 1657 ducitur
1403 1605 1574 1675 atque
1598 1596 1849 1659 reflatur.

394 1699 567 1759 quare
590 1682 868 1760 utrimque
894 1698 1066 1742 secus
1093 1699 1219 1741 cum
1245 1698 1454 1759 corpus
1477 1678 1745 1760 vapulet,
1776 1689 1834 1740 et
1861 1698 1989 1739 cum

392 1767 725 1843 perveniant
749 1764 952 1844 plagae
975 1782 1081 1843 per
1102 1781 1275 1842 parva
1296 1764 1566 1824 foramina
1589 1764 1756 1824 nobis

397 1850 655 1927 corporis
678 1847 747 1909 ad
774 1850 981 1928 primas
1010 1849 1186 1928 partis
1213 1846 1609 1928 elementaque
1635 1850 1810 1928 prima
1826 1893 1843 1926 ,

396 1934 456 1992 fit
478 1934 636 2011 quasi
659 1931 922 2010 paulatim
943 1933 1108 1994 nohis
1135 1951 1242 2012 per
1264 1933 1514 1993 membra
1536 1933 1710 1994 ruina.

269 2024 374 2078 940
397 2016 800 2076 conturbantur
822 2018 970 2076 enim
993 2018 1286 2095 positurae
1310 2018 1716 2097 principiorum

399 2101 657 2178 corporis
681 2108 851 2179 atque
872 2101 1055 2160 animi.
1082 2100 1141 2160 fit
1164 2102 1244 2161 uti
1274 2119 1406 2179 pars
1428 2099 1557 2161 iude
1581 2102 1778 2162 animai

399 2185 665 2261 eiciatur,
689 2193 747 2245 et
768 2187 1070 2245 introrsum
1090 2203 1223 2263 pars
1246 2184 1434 2245 abdita
1461 2185 1661 2262 cedat,

397 2284 529 2345 pars
554 2269 721 2327 etiam
743 2268 1011 2329 distracta
1034 2286 1141 2348 per
1160 2278 1314 2329 artus
1337 2286 1450 2328 non
1475 2279 1645 2347 queat
1670 2288 1804 2330 esse

398 2352 697 2412 coniuncta
718 2352 865 2412 inter
885 2371 952 2412 se
974 2371 1161 2431 neque
1185 2361 1340 2412 motu
1362 2361 1550 2413 mutua
1572 2352 1764 2431 fungi:

271 2442 372 2496 945
395 2434 543 2494 inter
563 2437 711 2495 enim
734 2437 918 2514 saepit
942 2445 1145 2497 coetus
1171 2444 1367 2496 natura
1383 2438 1654 2515 viasque:

398 2536 539 2596 ergo
568 2537 771 2580 sensus
795 2519 908 2580 abit
931 2522 1153 2580 mutatis
1183 2520 1428 2580 motibus
1457 2519 1591 2581 alte.

396 2611 455 2661 et
480 2605 737 2681 quoniam
762 2621 874 2664 non
906 2613 997 2665 est
1022 2605 1182 2683 quasi
1215 2601 1367 2682 quod
1388 2603 1673 2664 suffulciat
1694 2615 1847 2665 artus
1865 2650 1884 2682 ‚

397 2685 585 2746 debile
611 2687 671 2748 fit
695 2705 939 2767 corpus,
964 2687 1459 2767 languescuntque
1486 2688 1668 2748 omnia
1689 2685 1938 2749 membra
1955 2734 1971 2764 ‚

395 2769 622 2830 brachia
644 2771 1072 2850 palpebraeque
1096 2770 1336 2849 cadunt,
1362 2770 1729 2851 poplitesque
1756 2772 1985 2832 cubanti

268 2860 372 2914 950
395 2871 570 2932 saepe
592 2861 778 2915 tamen
802 2856 1216 2916 summittuntur
1235 2857 1491 2935 virisque
1516 2854 1830 2916 resolvunt.

397 2935 601 2997 deinde
625 2939 811 2998 cibum
839 2939 1097 3018 sequitur
1118 2956 1351 3000 somnus
1366 2985 1385 3017 ‚
1411 2940 1539 3019 quia
1559 2985 1575 3014 ‚
1609 2959 1755 3018 quae
1780 2939 1916 2999 facit
1938 2945 2042 2998 ae'r
2057 2984 2080 3016 ‚

396 3019 537 3081 haec
559 3022 758 3081 eadem
790 3022 950 3083 cibus
968 3069 984 3099 ‚
1011 3024 1067 3081 in
1089 3040 1265 3083 venas
1291 3023 1417 3082 dum
1442 3022 1646 3083 diditur
1671 3024 1848 3082 omnis
1870 3069 1886 3100 ‚

396 3103 589 3164 eflicit.
617 3115 674 3165 et
694 3105 868 3166 multo
898 3124 1077 3184 sopor
1097 3105 1197 3166 ille
1225 3108 1590 3184 gravissimus
1617 3116 1838 3183 exstat,

398 3204 566 3264 quem
588 3198 743 3249 satur
770 3199 862 3249 aut
884 3187 1070 3251 lassus
1101 3192 1328 3269 capias,
1359 3191 1488 3269 quia
1512 3189 1749 3269 plurima
1773 3200 1889 3251 tum
1911 3208 1978 3249 se

269 3276 371 3330 955
397 3287 640 3370 corpora
664 3273 995 3333 conturbant
1022 3291 1227 3351 magno
1254 3282 1489 3335 contusa
1511 3273 1729 3334 labore.

398 3353 457 3411 tit
478 3356 693 3415 ratione
718 3354 916 3415 eadem
947 3359 1241 3417 coniectus
1272 3359 1471 3436 partim
1498 3358 1697 3417 animai

397 3434 563 3495 altior
576 3447 792 3516 ,atque
816 3437 969 3498 foras
995 3442 1216 3500 eiectus
1245 3439 1459 3520 largior
1482 3442 1604 3500 eius
1623 3486 1641 3518 ‚
