2409 3825
1147 167 1223 231 m

348 342 678 404 consentire
700 341 939 401 animum
960 340 1125 401 nobis
1146 342 1203 400 in
1228 359 1474 421 corpore
1499 346 1704 406 cernis.

215 435 325 493 1⁷0
344 428 396 489 si
418 428 602 487 minus
629 424 867 487 offendit
885 426 1055 485 vitam
1074 426 1163 486 vis
1184 424 1411 486 horrida
1432 426 1534 488 teli

349 511 580 573 ossibus
604 527 676 569 ac
698 511 891 569 nervis
914 506 1180 570 disclusis
1211 511 1361 571 intus
1384 509 1581 572 adacta
1597 558 1617 590 ‚

346 604 403 656 at
424 603 615 655 tamen
635 594 955 672 insequitur
974 591 1215 670 languor
1236 602 1541 687 terraeque
1562 595 1775 675 petitus
1790 640 1811 675 ‚

346 696 558 740 saevus
582 687 643 737 et
664 678 895 737 interra
915 678 1119 737 mentis
1144 679 1240 755 qui
1263 668 1511 756 gignitur
1531 688 1757 757 aestus,

343 760 745 840 interdumque
775 761 935 838 quasi
959 760 1274 859 exurgendi
1296 763 1512 823 incerta
1530 762 1811 824 voluntas.

220 855 322 911 175
351 863 496 924 erg-o
528 862 864 924 corpoream
883 852 1134 904 naturam
1152 846 1317 905 animi
1339 864 1474 907 esse
1495 857 1834 926 necessest,
1909 884 1920 893 ·

346 930 650 1009 corporeis
676 929 938 1007 quoniam
958 926 1092 988 telis
1115 929 1348 1007 ictuque
1371 929 1606 992 laborat.

430 1012 490 1074 Is
513 1013 617 1073 tibi
637 1030 790 1072 nunc
809 1013 1024 1072 animus
1048 1013 1200 1090 quali
1222 1015 1295 1073 sit
1319 1030 1564 1092 corpore
1589 1023 1648 1074 et
1669 1015 1817 1075 unde

347 1098 671 1160 constiterit
694 1113 930 1176 pergam
955 1097 1232 1156 rationem
1257 1097 1501 1158 reddere
1525 1098 1710 1158 dictis.

342 1182 628 1262 principio
652 1199 788 1241 esse
811 1181 903 1239 aio
925 1178 1299 1259 persuptilem
1323 1190 1495 1259 atque
1522 1183 1745 1243 minutis

214 1275 321 1330 180
342 1283 619 1346 perquam
643 1263 980 1342 corporibus
1004 1262 1213 1324 iactum
1236 1272 1516 1326 constare.
1540 1264 1599 1326 id
1618 1268 1695 1327 ita
1717 1284 1853 1327 esse

345 1350 478 1409 binc
501 1348 644 1408 licet
665 1347 927 1408 advertas
951 1350 1189 1407 animum
1212 1358 1273 1408 ut
1293 1351 1879 1429 pernoscerepossis.

342 1433 422 1494 nil
450 1433 597 1493 adeo
622 1431 744 1491 lieri
770 1430 948 1491 celeri
970 1432 1188 1491 ratione
1210 1431 1467 1509 videtur,

347 1534 515 1594 quam
536 1515 647 1577 sibi
670 1532 831 1575 mens
856 1515 979 1574 fieri
1001 1517 1270 1594 proponit
1293 1525 1353 1576 et
1372 1514 1601 1576 inchoat
1623 1518 1777 1594 ipsa:

345 1602 508 1661 ocius
533 1616 677 1676 ergo
705 1600 919 1658 animus
943 1616 1116 1676 quam
1136 1616 1236 1659 res
1264 1618 1331 1660 se
1354 1600 1578 1678 perciet
1603 1599 1750 1675 ulla,

213 1694 316 1748 185
340 1693 470 1745 ante
496 1681 701 1744 oculos
727 1699 965 1759 quorum
989 1684 1045 1741 in
1073 1691 1340 1761 promptu
1360 1691 1556 1742 natura
1576 1681 1830 1742 videtur:

339 1777 397 1828 at
419 1765 575 1846 quod
595 1766 809 1826 mobile
831 1774 985 1827 tanto
1010 1775 1248 1845 operest
1263 1812 1281 1844 ‚
1308 1774 1573 1827 constare
1592 1765 1846 1827 rutundis

339 1869 618 1933 perquam
640 1850 949 1910 seminibus
971 1847 1145 1910 debet
1167 1868 1557 1931 perquamque
1579 1851 1804 1912 minutis
1819 1896 1837 1930 ‚

340 1938 585 1996 momine
607 1936 687 1994 uti
710 1951 888 2013 parvo
916 1936 1140 2013 possint
1159 1935 1386 2014 inpulsa
1403 1937 1638 1995 moveri.

341 2037 582 2097 namque
606 2026 868 2078 movetur
883 2036 1028 2095 aqua
1049 2026 1108 2078 et
1136 2019 1358 2080 tantillo
1380 2021 1623 2080 momine
1647 2019 1805 2081 flutat
1820 2066 1839 2097 ‚

213 2113 318 2168 190
342 2105 557 2183 quippe
577 2100 928 2162 volubilibus
949 2104 1257 2182 parvisque
1284 2113 1474 2164 creata
1494 2105 1711 2181 lig-uris.

339 2198 397 2249 at
424 2196 621 2249 contra
642 2184 829 2247 mellis
861 2189 1213 2247 constantior
1231 2196 1323 2248 est
1343 2196 1539 2248 natura

340 2281 402 2333 et
421 2268 798 2351 pigri-latices
819 2272 1001 2348 magis
1024 2279 1083 2334 et
1107 2274 1461 2333 cunctantior
1487 2281 1679 2332 actus:

339 2355 540 2416 haeret
561 2355 710 2414 enim
735 2354 885 2414 inter
904 2373 972 2415 se
995 2356 1174 2432 magis
1197 2358 1379 2417 omnis
1400 2357 1652 2416 materiai

344 2441 511 2519 copia
525 2485 544 2516 ‚
566 2439 852 2515 nimirum,
879 2440 1010 2516 quia
1031 2456 1145 2499 non
1167 2450 1281 2500 tam
1295 2437 1521 2500 levibus
1547 2447 1703 2499 extat

211 2532 315 2587 195
339 2523 678 2602 corporibus
698 2539 891 2599 neque
918 2532 1034 2582 tam
1053 2522 1357 2602 suptilibus
1380 2532 1553 2600 atque
1573 2522 1848 2583 rutundis.

339 2623 582 2683 namque
611 2607 915 2684 papaveris
944 2623 1077 2666 aura
1099 2615 1297 2685 potest
1318 2622 1600 2685 suspensa
1623 2602 1887 2684 levisque

343 2707 559 2767 cog-ere
582 2698 643 2748 ut
662 2688 735 2748 ab
763 2706 981 2750 summo
1006 2689 1108 2749 tibi
1133 2689 1350 2751 diffluat
1376 2688 1525 2750 altus
1550 2706 1793 2749 acervus
1809 2733 1828 2765 ,

341 2783 397 2834 at
423 2783 620 2833 contra
647 2770 897 2850 lapidum
920 2771 1249 2834 conlectum
1278 2771 1481 2834 Cauru’
1507 2789 1743 2832 movere

338 2875 529 2918 noenu
550 2865 765 2936 potest.
801 2858 973 2934 igitur
993 2858 1328 2935 parvissima
1351 2874 1593 2937 corpora
1614 2873 1720 2935 pro
1752 2874 1922 2935 quam

204 2954 316 3005 200
339 2951 397 3002 et
422 2941 713 3002 levissima
740 2949 870 3001 sunt
886 2985 904 3017 ‚
927 2941 1005 3000 ita
1023 2941 1336 3002 mobilitate
1358 2940 1646 3001 fruuntur:

339 3033 397 3085 at
420 3033 618 3085 contra
646 3041 793 3102 quae
819 3041 1061 3102 cumque
1081 3027 1261 3102 magis
1287 3043 1414 3084 cum
1438 3023 1693 3105 pondere
1715 3043 1923 3103 mag-no

342 3125 664 3187 asperaque
687 3109 1046 3169 inveniuntur
1061 3154 1079 3186 ‚
1104 3124 1179 3169 eo
1205 3108 1454 3170 stabilita
1475 3110 1654 3186 magis
1678 3119 1826 3170 sunt.

333 3212 487 3254 nunc
509 3193 683 3270 igitur
706 3193 966 3270 quoniam
995 3201 1084 3252 est
1106 3194 1272 3252 animi
1291 3202 1487 3253 natura
1513 3204 1742 3272 reperta

332 3275 562 3339 mobilis
586 3275 827 3353 egregie
847 3321 865 3353 .,
894 3293 1170 3353 perquam
1204 3285 1469 3337 constare
1497 3287 1804 3337 necessest

196 3375 306 3429 205
341 3360 686 3441 corporibus
709 3361 901 3438 parvis
925 3369 984 3419 et
1004 3358 1231 3419 levibus
1258 3369 1430 3438 atque
1452 3358 1729 3420 rutundis.

333 3465 483 3527 quae
512 3445 617 3507 tibi
639 3445 869 3520 cognita
896 3462 990 3503 res
1012 3445 1066 3501 in
1091 3441 1313 3519 multis,
1347 3460 1382 3501 o
1411 3444 1594 3518 bone,
1577 3442 1838 3579 μεως*

2118 180 2201 239 67
