2409 3825
1148 240 1198 298 v
1276 316 1283 321 .

348 425 668 470 concussos
691 409 833 467 itere
857 417 915 467 et
937 405 1254 467 labefactos
1279 412 1415 466 aere
1437 406 1613 467 multo
1629 454 1647 485 ,

346 503 441 553 aut
465 493 594 570 quia
616 490 721 551 sub
743 499 923 550 terras
947 507 1173 550 cursum
1196 499 1538 550 convortere
1565 492 1720 568 cogit

345 578 435 636 vis
458 574 689 651 eadem,
716 591 887 652 supra
912 591 1056 652 quae
1077 583 1261 633 terras
1285 573 1518 652 pertulit
1542 575 1756 635 orbem.

433 657 713 736 Tempore
738 659 872 716 item
903 666 1063 716 certo
1090 674 1317 717 roseam
1339 655 1550 717 Matuta
1572 676 1678 735 per
1701 676 1829 719 oras

215 753 320 808 6⁵5
349 741 601 802 aetheris
630 758 885 801 auroram
908 739 1095 800 differt
1124 749 1183 801 et
1208 740 1414 799 lumina
1435 741 1658 819 pandit,

347 834 442 886 aut
475 826 602 903 quia
622 823 712 885 sol
732 823 884 883 idem
901 869 918 900 ‚
944 823 1051 884 sub
1075 834 1258 884 terras
1286 822 1386 883 ille
1406 834 1705 884 revertens
1722 871 1740 902 ‚

347 910 615 986 anticipat
642 906 861 968 caelum
881 906 1055 982 radiis
1073 907 1392 967 accendere
1414 916 1694 986 temptans
1714 953 1732 985 ‚

348 1003 442 1052 aut
470 993 598 1070 quia
623 991 965 1052 conveniunt
987 992 1155 1068 ignes
1182 1000 1240 1050 et
1270 992 1484 1050 semina
1504 991 1675 1051 multa

350 1075 641 1137 confluere
666 1074 881 1135 ardoris
908 1083 1254 1134 consuerunt
1276 1082 1534 1152 tempore
1563 1076 1756 1152 cei-tog

216 1170 325 1224 660
354 1178 501 1239 quae
524 1158 733 1218 faciunt
754 1156 895 1219 solis
916 1175 1063 1217 nova
1084 1175 1315 1236 semper
1336 1157 1539 1217 lumina
1562 1161 1746 1235 gigni3

347 1242 503 1322 quod
525 1260 706 1318 genus
729 1241 914 1302 Idaeis
939 1240 1081 1300 fama
1112 1251 1201 1301 est
1232 1260 1265 1300 e
1287 1241 1570 1300 montibus
1601 1241 1728 1303 altis

346 1327 641 1405 dispersos
665 1327 812 1402 ignis
836 1326 1039 1384 orienti
1060 1324 1269 1384 lumine
1295 1327 1450 1384 cerni
1467 1370 1484 1401 ‚

346 1409 478 1469 inde
503 1410 658 1468 coire
688 1408 920 1485 globum
946 1409 1106 1487 quasi
1131 1410 1188 1466 in
1211 1426 1380 1466 unum
1405 1417 1462 1467 et
1488 1407 1774 1468 conficere
1801 1409 2013 1471 orbem.

346 1512 457 1554 nec
478 1501 663 1552 tamen
691 1491 829 1551 illud
850 1493 906 1550 in
926 1491 1014 1551 his
1036 1491 1210 1553 rebus
1233 1490 1484 1550 mirabile
1511 1491 1683 1551 debet

213 1587 318 1641 565
346 1595 481 1637 esse
497 1621 515 1652 ,
542 1575 691 1654 quod
715 1575 857 1635 haec
885 1576 1031 1652 ignis
1055 1585 1167 1634 tam
1191 1584 1350 1635 certo
1377 1584 1636 1652 tempore
1659 1584 1896 1653 possunt

349 1661 565 1722 semina
596 1658 886 1719 confluere
914 1668 972 1719 et
994 1658 1135 1718 solis
1161 1675 1430 1736 reparare
1451 1660 1708 1717 nitorem.
1814 1734 1817 1737 η

346 1742 520 1802 multa
541 1742 797 1805 videmus
823 1743 970 1801 enim
988 1787 1006 1819 ,
1034 1751 1194 1801 certo
1221 1758 1367 1820 quae
1385 1751 1643 1819 tempore
1669 1740 1803 1799 fiunt

347 1827 606 1887 omnibus
628 1827 685 1884 in
705 1825 898 1885 rebus.
931 1824 1242 1885 florescunt
1269 1834 1529 1902 tempore
1558 1832 1715 1882 certo

345 1910 577 1972 arbusta
599 1919 656 1970 et
682 1919 842 1969 certo
872 1907 1146 1969 dimittunt
1170 1919 1430 1988 tempore
1453 1906 1678 1967 florem:

208 2004 279 2059 67
281 2006 320 2058 0
344 2013 457 2054 nec
480 1996 658 2053 minus
680 1994 735 2052 in
761 2003 922 2053 certo
946 1993 1147 2053 dentes
1174 1992 1381 2052 cadere
1404 1994 1640 2070 imperat
1662 2000 1817 2051 aetas

347 2088 608 2155 tempore
633 2086 689 2136 et
714 2076 980 2155 inpubem
1001 2075 1159 2135 molli
1183 2076 1508 2155 pubescere
1532 2083 1698 2133 veste

345 2170 406 2221 et
432 2161 644 2239 pariter
666 2158 895 2220 mollem
914 2158 1074 2219 malis
1105 2159 1402 2220 demittere
1424 2158 1679 2219 barbam:

345 2242 577 2304 fulmina
596 2252 887 2322 postremo
905 2288 922 2319 ,
952 2245 1081 2321 nix,
1104 2243 1316 2302 imbres
1333 2288 1351 2319 ,
1377 2240 1565 2302 nubila
1582 2287 1599 2318 ,
1624 2243 1811 2318 venti,

345 2345 462 2387 non
483 2327 644 2386 nimis
665 2328 897 2387 incertis
925 2327 1059 2388 fiunt
1082 2328 1137 2385 in
1165 2326 1418 2405 partibus
1443 2327 1586 2385 anni.

207 2421 315 2476 575
339 2429 583 2489 namque
605 2410 701 2469 ubi
725 2408 1058 2472 sic1fuerunt
1082 2427 1374 2470 causarum
1399 2408 1629 2468 exordia
1652 2409 1826 2485 prima

343 2505 516 2572 atque
538 2495 613 2553 ita
636 2512 730 2553 res
755 2492 941 2552 mundi
966 2492 1231 2554 cecidere
1255 2493 1325 2552 ab
1351 2493 1568 2569 origine
1591 2493 1767 2569 prima
1785 2536 1803 2567 ,

348 2583 644 2655 conseque
671 2594 899 2656 quoque
923 2578 1030 2636 iam
1050 2577 1292 2636 redeunt
1315 2594 1389 2635 ex
1412 2574 1607 2634 ordine
1635 2581 1811 2633 certo.

431 2658 714 2721 Crescere
743 2662 989 2738 itemque
1016 2660 1138 2720 dies
1161 2659 1299 2719 licet
1322 2668 1380 2718 et
1399 2658 1701 2717 tabescere
1725 2666 1962 2736 noctes,

346 2753 405 2804 et
426 2745 594 2803 minui
616 2743 778 2804 luces
793 2789 810 2821 ‚
844 2761 968 2803 cum
992 2751 1211 2805 sumant
1233 2743 1492 2819 augmina
1516 2749 1717 2801 noctes
1734 2785 1751 2816 ‚

207 2838 318 2894 680
345 2838 440 2887 aut
464 2828 593 2906 quia
614 2826 702 2887 sol
726 2827 874 2887 idem
896 2827 1001 2888 sub
1025 2836 1204 2887 terras
1227 2835 1397 2905 atque
1426 2844 1674 2904 superne

344 2911 651 2989 imparibus
678 2929 910 2971 currens
937 2911 1301 2970 amfractibus
1325 2909 1570 2969 aetheris
1595 2926 1723 2968 oras

345 2996 514 3073 partit
544 2996 678 3054 etin
703 2996 878 3073 partis
905 3012 1020 3054 non
1047 3012 1259 3072 aequas
1284 2993 1475 3053 dividit
1499 2993 1693 3052 orbem
1712 3039 1729 3068 ,

347 3087 405 3137 et
432 3076 583 3156 quod
606 3079 675 3137 ab
699 3076 965 3138 alterutra
988 3077 1228 3137 detraxit
1252 3087 1414 3157 parte
1432 3123 1450 3153 ,
1472 3078 1697 3154 reponit

347 3162 470 3220 eius
500 3162 556 3220 in
580 3160 818 3221 adversa
847 3169 1001 3221 tanto
1024 3160 1154 3239 plus
1178 3170 1338 3239 parte
1359 3159 1572 3220 relatus
1591 3205 1607 3236 ,

200 3255 317 3310 685
353 3243 537 3303 donec
556 3244 625 3304 ad
646 3244 704 3303 id
726 3247 948 3322 signum
974 3242 1118 3303 caeli
1141 3245 1436 3324 pervenit,
1467 3242 1564 3301 ubi
1587 3244 1712 3301 anni

344 3326 526 3387 nodus
547 3338 848 3388 nocturnas
873 3337 1152 3406 exaequat
1169 3327 1401 3386 ‘lucibus
1424 3326 1678 3385 umbras:

344 3428 471 3469 nam
493 3411 681 3471 medio
704 3429 872 3473 cursu
897 3411 1060 3474 flatus
1083 3410 1361 3489 aquilonis
1386 3419 1443 3469 et
1467 3410 1639 3468 austri

344 3492 608 3573 distinet,
633 3506 874 3573 aequato
902 3493 1119 3554 caelum
1144 3493 1462 3553 discrimine
1490 3500 1728 3569 metans,

2051 243 2171 310 143
