2409 3825
333 147 419 216 16

364 791 399 841 ὅ

343 1210 408 1261 10

342 2669 410 2720 10

2384 80 2385 109 ι

1151 153 1458 212 estvm
2049 154 2283 228 [xm
2384 126 2385 173 ss

460 440 989 509 Paeninsularum
1001 491 1023 527 ,
1068 442 1301 509 Sirmio
1314 492 1333 526 ,
1376 442 1858 527 insularumque

463 525 680 592 Ocelle
690 576 710 611 ‚
753 547 1180 612 quascumque
1221 527 1293 590 in
1333 527 1720 611 liquentibus
1764 526 2014 613 stagnis

461 609 751 695 Marique
792 614 976 676 vasto
1021 611 1147 675 fert
1185 613 1451 695 uterque
1493 610 1858 695 NeptunuS,

461 693 667 771 Quam
707 698 774 760 te
815 695 1088 760 libenter
1131 715 1444 779 quamque
1487 695 1692 760 laetus
1734 696 1939 759 inviso
1956 744 1974 776 ,

464 777 593 843 Vix
635 778 726 843 mi
768 779 906 863 ipse
951 779 1214 843 credens
1257 777 1574 863 Thyniam
1617 782 1804 862 atque
1845 778 2185 865 Bithynos

462 862 751 947 Liquisse
795 883 1053 960 campos
1099 866 1165 927 et
1204 862 1419 928 videre
1461 866 1527 929 te
1570 862 1642 928 in
1682 865 1842 928 tuto.

465 946 520 1010 Ο
566 946 718 1029 quid
762 947 988 1012 solutm
1032 949 1131 1012 est
1170 946 1421 1011 beatius
1467 947 1667 1030 curiS‚

466 1030 628 1095 Cum
668 1051 851 1095 mens
894 1051 1056 1096 onus
1099 1031 1384 1114 reponit,
1429 1051 1504 1097 ac
1544 1031 1884 1116 peregrino

463 1113 710 1179 Labore
753 1114 907 1179 fessi
949 1113 1241 1179 venimus
1284 1114 1484 1179 larem
1526 1115 1607 1179 ad
1649 1117 1941 1181 nostrum

463 1196 958 1283 Desideratoque
1000 1198 1462 1282 acquiescimus
1504 1199 1691 1264 lecto,

463 1280 609 1347 Hoc
651 1286 778 1367 est,
823 1282 994 1366 quod
1035 1286 1297 1348 unumst
1335 1304 1454 1367 pro
1498 1283 1822 1348 laboribus
1863 1283 2086 1351 tantis·

466 1365 682 1450 Salve,
726 1386 765 1431 o
807 1370 1079 1431 venusta
1122 1365 1385 1451 Sirmio,
1430 1370 1620 1450 atque
1663 1387 1771 1432 ero
1814 1367 2055 1453 gaude:

467 1450 752 1516 Gaudete
792 1472 1064 1536 vosque,
1109 1471 1148 1516 o
1191 1450 1434 1515 Libuae
1474 1451 1653 1516 lacus
1694 1451 1933 1517 undae:

463 1533 725 1620 Ridete,
777 1535 1084 1620 quidquid
1126 1538 1225 1600 est
1266 1534 1442 1599 domi
1485 1535 1960 1601 cachinnorum.

1147 1775 1445 1851 XXXII.

641 1898 926 1982 Amabo,
970 1920 1112 1963 mea
1154 1899 1357 1965 dulcis
1398 1898 1749 1985 Ipsithilla,

643 1982 827 2049 Meae
870 1982 1166 2068 deliciae,
1211 1984 1338 2049 mei
1380 1985 1657 2069 lepores,

642 2065 802 2133 Iube
844 2067 926 2132 ad
968 2071 1035 2134 te
1076 2068 1332 2133 veniam
1373 2068 1793 2135 meridiatum.

641 2150 733 2216 Et
776 2152 831 2216 si
870 2152 1130 2216 iusseris
1173 2153 1361 2236 illud,
1405 2153 1701 2217 adiuvato
1714 2202 1732 2235 ‚

644 2234 888 2319 Nequis
932 2236 1173 2301 liminis
1217 2239 1471 2303 obseret
1509 2236 1841 2320 tabellam,

641 2317 790 2384 Neu
831 2320 950 2384 tibi
987 2319 1211 2385 lubeat
1251 2321 1424 2389 foras
1468 2321 1671 2405 abire,

646 2401 772 2467 Sed
815 2403 989 2469 domi
1028 2426 1290 2470 maneas
1378 2426 1639 2490 aresque
1679 2403 1867 2470 nobis

645 2486 895 2553 Novem
938 2490 1274 2554 continuas
1387 2490 1685 2554 tationes.

644 2570 915 2656 Verum,
961 2573 1170 2656 siquid
1214 2594 1393 2659 ages,
1437 2574 1656 2638 statim
1697 2573 1944 2639 iubeto:

639 2654 702 2722 N
708 2677 810 2720 am
851 2678 1124 2741 pransus
1164 2658 1344 2722 iaceo
1388 2661 1455 2723 et
1495 2661 1670 2722 satur
1712 2656 1978 2741 supinus

643 2739 968 2807 Pertundo
999 2742 1417 2826 'tunicamque
1457 2742 1867 2827 palliumque.

1134 2971 1466 3046 XXXIII.

648 3094 703 3160 Ο
746 3095 959 3160 furum
1001 3095 1242 3178 optime
1283 3094 1754 3161 balneariorum

645 3177 926 3242 Vibenni
969 3182 1178 3262 pater,
1225 3181 1292 3244 et
1333 3179 1592 3244 cinaede
1634 3179 1761 3264 fili,

647 3259 742 3402 ‹SN
744 3282 849 3323 am
893 3260 1113 3324 dextra
1153 3265 1340 3345 pater
1381 3263 1838 3346 inquinatiore,

702 3342 809 3404 ulo
851 3343 1021 3407 filius
1065 3349 1164 3409 est
1204 3346 1559 3431 voraciore)

640 3419 770 3483 Cur
810 3445 961 3496 non,
990 3427 1250 3493 exilium
1290 3430 1614 3514 malasque
1656 3431 1726 3494 in
1768 3450 1914 3495 oras
