2409 3825
201 148 322 216 168
1035 125 1038 126 *
1150 149 1232 210 vl

368 335 558 377 noenu
586 318 662 376 ita
684 316 781 377 det
809 313 1043 395 parvum
1068 317 1317 376 sonitum
1341 315 1596 394 displosa
1617 327 1880 395 repente.

452 399 557 460 Est
589 402 757 460 etiam
776 402 918 460 ratio
935 444 953 477 ,
980 417 1108 459 cum
1129 401 1287 459 venti
1309 397 1500 460 nubila
1521 399 1762 479 perflant
1779 446 1798 477 ,

369 494 430 543 ut
452 487 669 545 sonitus
691 484 928 544 faciant:
958 484 1168 543 etenim
1189 500 1411 544 ramosa
1438 482 1698 544 videmus

367 567 558 627 nubila
581 586 760 646 saepe
779 567 962 628 modis
984 565 1173 630 multis
1196 576 1371 646 atque
1393 585 1600 646 aspera
1622 566 1790 635 ferri;

244 661 346 713 135
376 649 637 729 scilicet,
667 662 761 729 ut,
790 652 1048 711 crebram
1070 649 1271 711 silvam
1299 668 1425 710 cum
1447 650 1667 711 flamina
1699 653 1852 710 cauri

367 734 637 813 perflant,
663 735 794 795 dant
815 736 1055 794 sonitum
1075 734 1309 795 frondes
1332 737 1584 812 ramique
1607 734 1910 811 fragorem.

369 820 429 878 fit
452 835 680 897 quoque
706 827 766 877 ut
796 817 1074 878 interdum
1097 818 1269 878 validi
1290 820 1378 879 vis
1406 819 1576 878 incita
1596 820 1753 878 venti

374 901 699 980 perscindat
721 902 931 961 nubem
952 900 1317 980 perfringens
1339 904 1552 981 impete
1573 910 1767 961 recto:

368 1002 496 1043 nam
519 985 653 1064 quid
674 986 861 1064 possit
889 986 966 1045 ibi
988 985 1151 1045 flatus
1176 985 1476 1046 manifesta
1497 984 1670 1045 docet
1690 1002 1787 1045 res
1806 1029 1824 1061 ‚

243 1079 345 1132 140
367 1068 461 1127 hic
476 1113 494 1145 ‚
527 1069 624 1129 ubi
648 1068 831 1128 lenior
854 1078 943 1129 est
959 1114 977 1145 ‚
1005 1071 1234 1128 interra
1268 1088 1395 1129 cum
1417 1079 1607 1129 tamen
1630 1068 1739 1129 alta

367 1152 594 1212 arbusta
622 1151 898 1213 evolvens
920 1152 1204 1214 radicibus
1228 1154 1410 1213 haurit
1432 1153 1504 1212 ab
1526 1154 1669 1211 imis.

369 1243 499 1296 sunt
520 1237 685 1296 etiam
709 1236 914 1297 fluctus
939 1253 1051 1313 per
1066 1234 1259 1298 nubila
1274 1281 1291 1313 ,
1322 1239 1416 1315 qui
1439 1239 1598 1314 quasi
1620 1254 1868 1295 murmur

371 1318 501 1378 dant
522 1321 580 1378 in
602 1319 917 1398 frangendo
938 1322 1218 1397 graviter;
1243 1319 1396 1399 quod
1419 1321 1553 1379 item
1582 1320 1642 1380 fit
1663 1320 1718 1379 in
1738 1318 1865 1379 altis

369 1403 688 1464 fluminibus
711 1421 1033 1482 magnoque
1055 1406 1225 1481 mari,
1253 1422 1382 1463 cum
1405 1403 1682 1481 frangitur
1702 1411 1912 1463 aestus.

245 1496 346 1550 145
368 1487 424 1546 id
449 1504 678 1566 quoque
693 1532 711 1564 ‚
738 1488 834 1547 ubi
858 1507 891 1547 e
914 1487 1048 1546 nubi
1070 1489 1128 1546 in
1147 1488 1358 1548 nubem
1381 1489 1469 1547 vis
1492 1485 1687 1546 incidit
1709 1486 1914 1547 ardens

371 1570 652 1648 fulminis,
679 1571 824 1631 haec
850 1570 1025 1630 multo
1048 1573 1098 1631 si
1124 1570 1278 1631 forte
1300 1588 1497 1631 umore
1525 1572 1752 1649 recepit

368 1656 592 1732 ignem,
620 1656 885 1717 continuo
907 1672 1111 1731 magno
1137 1654 1387 1715 clamore
1411 1655 1681 1723 trucidat;

369 1748 429 1798 ut
461 1738 657 1798 calidis
682 1738 928 1799 candens
952 1738 1162 1798 ferrum
1184 1758 1219 1799 e
1243 1739 1568 1798 fornacibus
1596 1739 1729 1798 olim

372 1822 587 1900 stridit,
618 1822 715 1881 ubi
737 1823 794 1882 in
815 1821 1070 1900 gelidum
1092 1839 1345 1901 propere
1370 1822 1740 1883 demersimus
1768 1822 2025 1883 imbrem.

243 1918 346 1969 150
368 1904 575 1966 aridior
598 1924 771 1984 porro
795 1908 845 1967 si
865 1906 1050 1968 nubes
1072 1908 1284 1986 accipit
1303 1908 1495 1984 ignem
1511 1952 1530 1983 ‚

369 1992 547 2049 uritur
572 1991 786 2067 ingenti
811 1993 997 2051 sonitu
1022 2009 1303 2052 succensa
1325 1998 1597 2070 repente;

372 2074 714 2134 lauricomos
746 2085 805 2134 ut
829 2076 878 2135 si
901 2093 1007 2154 per
1029 2076 1237 2134 montis
1260 2074 1477 2134 flamma
1496 2083 1740 2151 vagetur

368 2158 592 2217 turbine
613 2167 912 2218 ventorum
937 2159 1279 2218 comburens
1308 2160 1520 2236 impete
1543 2174 1779 2235 magno:

368 2259 479 2300 nec
501 2259 596 2301 res
621 2239 735 2300 ulla
755 2244 933 2318 magis
957 2259 1120 2320 quam
1144 2241 1360 2302 Phoebi
1388 2240 1673 2319 Delphica
1703 2240 1891 2300 laurus

244 2334 345 2388 155
373 2323 613 2385 terribili
637 2327 823 2383 sonitu
846 2324 1063 2385 flamma
1089 2326 1405 2404 crepitante
1432 2332 1728 2384 crematur.

370 2407 615 2486 denique
642 2426 818 2487 saepe
843 2407 960 2486 geli
987 2407 1195 2468 multus
1220 2409 1414 2486 fragor
1437 2418 1609 2486 atque
1630 2410 1786 2467 ruina

368 2490 653 2570 grandinis
677 2494 732 2550 iu
755 2493 971 2570 magnis
998 2494 1244 2552 sonitum
1270 2492 1361 2552 dat
1383 2492 1626 2553 nubibus
1649 2491 1792 2551 alte:

369 2586 572 2637 ventus
599 2577 748 2636 enim
774 2595 901 2635 cum
932 2576 1246 2653 confercit‚
1273 2576 1610 2657 franguntur
1634 2577 1689 2634 in
1710 2584 1832 2633 arto

371 2661 625 2720 concreti
645 2670 869 2719 montes
889 2659 1203 2719 nimborum
1226 2670 1285 2720 et
1307 2659 1579 2737 grandine
1599 2660 1775 2719 mixti.

241 2753 344 2808 160
449 2742 637 2821 Fulgit
658 2745 795 2804 item
811 2789 829 2821 ‚
859 2743 1041 2803 nubes
1070 2746 1218 2819 ignis
1244 2762 1372 2803 cum
1396 2745 1610 2803 semina
1631 2741 1803 2802 multa

369 2845 680 2889 excussere
702 2845 808 2887 suo
833 2844 1143 2895 concursu;
1176 2844 1284 2886 ceu
1307 2827 1549 2906 lapidem
1574 2828 1623 2886 si

368 2913 646 2987 percutiat
665 2910 810 2990 lapis
832 2920 927 2970 aut
949 2909 1189 2970 ferrum:
1215 2928 1340 2970 nam
1363 2921 1481 2971 tum
1503 2926 1734 2989 quoque
1754 2908 1946 2968 lumen

368 2992 526 3053 exilit
549 3004 607 3054 et
629 2993 808 3055 claras
832 2993 1106 3054 scintillas
1128 2992 1362 3072 dissipat
1384 2996 1548 3071 ignis.

366 3077 471 3138 sed
494 3080 756 3137 tonitrum
780 3079 840 3138 fit
869 3080 947 3137 uti
969 3086 1103 3156 post
1132 3078 1362 3138 auribus
1384 3079 1729 3156 accipiamus
1746 3120 1764 3152 ‚

238 3170 338 3225 165
365 3159 593 3237 fulgere
617 3179 781 3239 quam
805 3170 1037 3220 cernant
1061 3160 1250 3235 oculi,
1285 3162 1413 3240 quia
1442 3178 1674 3238 semper
1696 3159 1769 3218 ad
1797 3161 1951 3221 auris

366 3243 576 3304 tardius
600 3242 900 3304 adveniunt
925 3262 1089 3324 quam
1110 3246 1294 3305 visum
1323 3262 1468 3323 quae
1490 3252 1754 3304 moveant
1773 3263 1886 3303 res.

367 3327 423 3384 id
445 3326 583 3385 licet
605 3327 736 3386 hinc
759 3330 927 3386 etiam
951 3344 1328 3404 cognoscere.
1355 3327 1600 3387 caedere
1622 3329 1672 3386 si
1701 3344 1867 3405 quem

367 3410 598 3485 ancipiti
621 3408 815 3467 videas
839 3408 991 3468 ferro
1013 3411 1215 3487 procul
1245 3411 1466 3471 arboris
1487 3420 1709 3469 auctum
1729 3454 1749 3486 ,
