2409 3825
227 115 345 178 180
1184 115 1264 175 v1

387 282 658 343 disturbat
683 284 856 344 urbes
881 293 938 343 et
959 294 1145 344 terrae
1171 293 1358 343 motus
1384 283 1652 344 obortus:

384 367 673 445 multaque
696 376 995 446 praeterea
1020 367 1351 438 ceciderunt
1371 369 1591 428 moenia
1613 371 1830 446 magnis

354 468 362 477 ·
385 452 628 511 motibus
652 453 708 509 in
732 453 897 513 terris
915 497 932 528 ‚
958 460 1016 511 et
1037 451 1247 511 multae
1270 468 1375 530 per
1395 468 1549 511 mare
1574 470 1811 530 pessum

257 545 363 600 590
386 534 704 597 subsedere
729 537 848 595 suis
871 536 1083 614 pariter
1108 553 1236 595 cum
1259 535 1479 595 civibus
1504 537 1697 596 urbes.

387 618 538 699 quod
563 620 669 678 nisi
693 622 1044 698 prorumpit,
1080 628 1266 679 tamen
1289 620 1535 698 impetus
1563 621 1691 698 ipse
1716 621 1916 679 animai

388 713 446 763 et
475 703 595 762 fera
618 706 704 762 vis
727 704 881 763 venti
905 721 1011 781 per
1041 704 1243 763 crebra
1267 702 1538 762 foramina
1561 713 1750 764 terrae

389 786 721 865 dispertitur
742 795 801 846 ut
819 786 1022 845 horror
1047 796 1104 846 et
1127 787 1329 847 incutit
1358 787 1488 846 inde
1511 797 1846 856 tremorem;

385 871 564 947 frigus
591 872 669 929 uti
701 880 930 931 nostros
955 872 1181 949 penitus
1210 887 1337 930 cum
1358 873 1514 931 venit
1539 874 1594 930 in
1619 883 1774 933 artus
1791 917 1808 949 ,

261 963 363 1017 595
389 955 641 1014 concutit
665 955 872 1014 invitos
900 971 1118 1033 cogens
1142 965 1390 1016 tremere
1414 965 1590 1034 atque
1613 973 1864 1016 movere.

387 1038 617 1115 ancipiti
643 1037 920 1115 trepidant
944 1040 1117 1115 igitur
1139 1050 1361 1111 terrore
1392 1057 1498 1118 per
1521 1040 1675 1100 urbis
1692 1084 1710 1117 ,

386 1130 539 1180 tecta
562 1140 810 1200 superne
826 1123 1064 1200 timent,
1090 1132 1346 1183 metuunt
1370 1123 1590 1183 inferne
1616 1141 1888 1184 cavernas

385 1206 556 1264 terrai
580 1224 652 1264 ne
677 1204 950 1267 dissoluat
975 1217 1167 1267 natura
1191 1217 1433 1286 repente
1452 1253 1471 1284 ‚

387 1307 498 1348 neu
524 1288 793 1350 distracta
816 1309 979 1351 suum
992 1290 1108 1357 late
1133 1291 1427 1371 dispandat
1455 1291 1665 1351 hiatum

256 1383 360 1437 600
379 1383 550 1452 atque
572 1376 691 1434 suis
723 1375 960 1435 confusa
981 1375 1123 1436 velit
1155 1375 1449 1454 complere
1471 1377 1667 1436 ruinis·

385 1457 623 1536 proinde
646 1457 786 1518 licet
817 1461 1068 1538 quamvis
1103 1460 1323 1521 caelum
1347 1467 1667 1539 terramque
1691 1469 1918 1519 reantur

387 1543 717 1619 incorrupta
743 1543 870 1604 fore
894 1553 1162 1604 aeternae
1185 1543 1441 1604 mandata
1462 1542 1659 1604 saluti:

389 1634 446 1684 et
470 1635 654 1685 tamen
677 1627 955 1687 interdum
977 1646 1256 1706 praesens
1280 1629 1367 1703 igis
1388 1629 1514 1706 ipsa
1540 1627 1743 1706 pericli

388 1708 576 1768 subdit
600 1710 782 1771 adhuc
806 1710 1089 1771 stimulum
1113 1711 1350 1791 quadam
1381 1710 1453 1771 de
1480 1721 1640 1789 parte
1664 1712 1879 1772 timoris
1895 1757 1912 1788 ,

261 1802 362 1857 6οό
388 1811 461 1852 ne
486 1793 730 1870 pedibus
752 1796 952 1874 raptim
971 1795 1144 1857 tellus
1170 1796 1460 1856 subtracta
1482 1795 1697 1856 feratur

388 1879 444 1935 in
468 1877 784 1938 barathrum
799 1924 816 1954 ‚
842 1897 1146 1959 rerumque
1171 1890 1443 1960 sequatur
1466 1879 1687 1960 prodita
1708 1897 1917 1942 summa

389 1960 668 2040 funditus,
703 1972 762 2022 et
786 1964 878 2024 fiat
901 1964 1088 2025 mundi
1113 1965 1351 2026 confusa
1372 1966 1550 2025 ruina.

476 2042 501 2128 Η
529 2045 818 2125 Principio
848 2065 999 2109 mare
1023 2050 1290 2109 mirantur
1314 2066 1428 2109 non
1452 2048 1696 2109 reddere
1718 2048 1895 2108 maius

390 2139 670 2207 naturam,
701 2148 813 2209 quo
839 2132 911 2191 sit
934 2143 1119 2193 tantus
1146 2132 1424 2194 decursus
1449 2149 1716 2212 aquarum
1734 2177 1750 2208 ‚

260 2223 363 2276 610
391 2215 572 2272 omnia
597 2231 709 2292 quo
733 2215 958 2274 veniant
981 2234 1056 2276 ex
1078 2219 1227 2276 omni
1252 2217 1474 2277 flumina
1499 2227 1679 2296 parte.

390 2296 532 2356 adde
560 2315 737 2373 vagos
761 2298 954 2359 imbris
985 2309 1475 2380 tempestatesque
1499 2300 1759 2360 volantes
1778 2346 1795 2376 ‚

393 2382 573 2440 omnia
598 2399 742 2459 quae
764 2382 934 2443 maria
956 2401 1024 2443 ac
1046 2394 1230 2445 terras
1254 2395 1643 2466 sparguntque
1666 2386 1996 2462 rigantque:

389 2464 531 2524 adde
559 2483 695 2525 suos
718 2465 921 2528 fontis:
945 2476 1130 2528 tamen
1154 2469 1224 2529 ad
1247 2471 1414 2529 maris
1439 2472 1621 2529 omnia
1652 2486 1918 2529 summam

391 2550 566 2626 guttai
593 2551 689 2609 vix
710 2550 888 2610 instar
911 2562 1075 2612 erunt
1101 2555 1262 2613 unius
1285 2553 1627 2632 adaugmen;

264 2642 363 2695 615
396 2651 507 2712 quo
529 2635 708 2694 minus
732 2645 822 2695 est
844 2636 1039 2695 mirum
1068 2655 1223 2696 mare
1246 2654 1363 2699 non
1384 2656 1704 2715 augescere
1729 2653 2005 2713 magnum.

392 2727 688 2796 praeterea
709 2736 964 2797 magnam
988 2719 1076 2781 sol
1103 2730 1321 2799 partem
1356 2720 1597 2781 detrahit
1626 2730 1806 2781 aestu.

393 2803 605 2879 quippe
630 2802 886 2862 videmus
912 2805 1061 2863 enim
1082 2805 1265 2864 vestis
1290 2822 1485 2865 umore
1509 2804 1785 2865 madentis

392 2887 688 2946 exsiccare
712 2887 830 2947 suis
851 2885 1020 2948 radiis
1043 2887 1356 2948 ardentibu’
1380 2888 1594 2950 solem:

391 2978 444 3028 at
470 2967 678 3047 pelage
700 2970 872 3030 multa
900 2981 958 3031 et
987 2970 1101 3032 late
1125 2971 1409 3032 substrata
1436 2973 1712 3032 videmus.

263 3060 363 3111 620
394 3052 630 3128 proinde
653 3052 791 3113 licet
815 3057 1067 3132 quamvis
1092 3074 1166 3115 ex
1191 3073 1303 3115 uno
1336 3074 1564 3136 quoque
1587 3055 1723 3116 loco
1747 3055 1838 3115 sol

394 3138 599 3195 umoris
629 3154 856 3213 parvam
881 3136 1096 3198 delibet
1116 3140 1186 3199 ab
1211 3157 1464 3217 aequore
1493 3149 1741 3219 partem:

392 3214 626 3290 largiter
646 3221 702 3277 in
725 3228 880 3280 tanto
906 3224 1091 3299 spatio
1115 3231 1300 3283 tamen
1323 3224 1544 3284 auferet
1571 3222 1753 3283 undis.

395 3304 508 3352 tum
532 3315 702 3391 porro
726 3305 879 3362 venti
906 3321 1135 3383 quoque
1157 3324 1413 3383 magnam
1436 3305 1645 3366 tollere
1674 3314 1890 3383 partem

399 3392 602 3435 umoris
627 3396 864 3456 possunt
888 3398 1186 3449 verrentes
1217 3407 1463 3467 aequora
1486 3435 1504 3467 ,
1527 3391 1713 3449 ventis
