2409 3825
173 194 296 261 172
1065 195 1078 205 ’
1129 196 1211 257 vl

344 362 659 443 perscindit
682 363 870 426 subito
895 363 1103 423 nubem
1121 409 1138 439 ,
1162 364 1457 441 ferturque
1479 366 1737 426 coruscis

342 448 525 507 omnia
545 446 845 508 luminibus
872 447 1118 507 lustrans
1146 446 1275 506 loca
1297 448 1553 526 percitus
1576 448 1761 508 ardor.

209 540 312 594 285
343 549 512 611 quem
535 532 725 608 gravis
749 532 1066 611 insequitur
1089 532 1306 591 sonitus
1325 577 1343 608 ,
1370 531 1623 610 displosa
1646 542 1886 611 repente

343 613 613 675 occidere
635 625 695 675 ut
721 614 865 675 caeli
886 615 1181 675 videantur
1202 613 1415 693 templa
1437 633 1706 694 superne.

342 698 473 759 inde
495 709 710 759 tremor
739 708 921 758 terras
940 700 1193 777 graviter
1214 707 1591 777 pertemptat,
1619 709 1677 760 et
1709 699 1880 759 altum

342 801 620 842 murmura
641 787 979 860 percurrunt
1002 780 1252 842 caelum:
1277 800 1402 843 nam
1429 792 1547 843 tota
1571 783 1697 843 fere
1726 794 1841 844 tum

341 874 655 946 tempestas
679 883 960 926 concussa
981 868 1168 926 tremit
1191 866 1561 946 fremitusque
1585 876 1899 927 moventur.

215 959 321 1013 290
342 967 457 1030 quo
482 948 554 1009 de
580 966 866 1010 concussu
896 952 1153 1028 sequitur
1173 951 1362 1028 gravis
1383 951 1568 1011 imber
1591 961 1650 1012 et
1672 951 1848 1029 uber,

345 1036 525 1094 omnis
549 1034 630 1092 uti
652 1032 909 1094 videatur
929 1036 986 1093 in
1009 1034 1247 1094 imbrem
1267 1036 1483 1094 vertier
1502 1034 1704 1095 aether

343 1127 518 1196 atque
547 1117 624 1176 ita
649 1120 1031 1196 praecipitans
1053 1118 1124 1178 ad
1147 1117 1416 1178 diluviem
1444 1120 1733 1179 revocari:

345 1211 531 1261 tantus
556 1200 794 1261 discidio
817 1202 982 1263 nubis
1009 1203 1284 1281 ventique
1307 1200 1567 1281 procella

342 1286 606 1362 mittitur,
630 1284 847 1345 ardenti
869 1287 1089 1347 sonitus
1115 1304 1244 1346 cum
1266 1283 1530 1365 provolat
1552 1286 1690 1346 ictu.

214 1378 318 1431 295
342 1379 433 1429 est
458 1370 625 1429 etiam
650 1387 778 1428 cum
800 1371 889 1429 vis
914 1370 1274 1430 extrinsecus
1300 1370 1470 1429 incita
1491 1370 1648 1429 venti

343 1453 539 1514 incidit
561 1454 618 1511 in
644 1452 880 1512 calidam
904 1463 1121 1513 maturo
1143 1452 1379 1512 fulmine
1402 1453 1641 1521 nubem;

346 1555 510 1616 quam
537 1554 663 1596 cum
687 1536 995 1616 perscidit,
1022 1536 1313 1616 extemplo
1341 1535 1489 1597 cadit
1512 1539 1714 1615 igneus
1739 1535 1835 1596 ille

342 1630 546 1681 vertex
562 1666 580 1697 ,
606 1638 777 1699 quem
800 1621 984 1699 patrio
1006 1622 1323 1681 vocitamus
1348 1622 1573 1682 nomine
1598 1619 1828 1679 fulmen.

344 1703 456 1764 hoc
481 1705 541 1764 fit
561 1704 712 1764 idem
730 1706 787 1763 in
808 1705 985 1782 partis
1014 1704 1153 1764 alias
1170 1750 1188 1781 ,
1215 1722 1577 1783 quocumque
1601 1703 1727 1764 tulit
1749 1706 1854 1763 viS.

215 1798 322 1851 300
346 1789 403 1848 fit
430 1805 660 1868 quoque
684 1798 744 1848 ut
771 1787 1051 1848 interdum
1077 1790 1233 1848 venti
1257 1790 1344 1848 vis
1366 1790 1537 1848 missa
1561 1790 1684 1848 sine
1708 1790 1823 1865 igni

345 1874 587 1951 igniscat
607 1881 794 1932 tamen
817 1873 874 1932 in
896 1873 1080 1953 spatio
1103 1871 1397 1952 longoque
1419 1880 1605 1933 meatu
1621 1919 1639 1951 ‚

347 1975 474 2016 cum
495 1957 650 2017 venit
672 1959 931 2018 amittens
954 1960 1009 2017 in
1034 1975 1204 2018 cursu
1227 1974 1470 2035 corpora
1493 1956 1764 2036 quaedam

346 2039 577 2117 grandia
593 2086 611 2118 ,
639 2057 783 2119 quae
805 2051 1096 2120 nequeunt
1114 2043 1331 2119 pariter
1351 2051 1653 2119 penetrare
1680 2059 1787 2120 per
1807 2060 1970 2102 auras
1985 2087 2008 2120 ,

343 2133 515 2203 atque
538 2123 648 2184 alia
672 2143 746 2184 ex
767 2126 896 2203 ipso
922 2124 1239 2186 conradens
1261 2130 1399 2185 aere
1421 2134 1611 2214 portat

219 2219 322 2272 305
343 2207 613 2287 parvola,
641 2226 786 2287 quae
809 2209 1063 2269 faciunt
1045 2227 1238 2287 ignem
1263 2194 1561 2270 commixta
1585 2209 1860 2276 volando;

347 2309 458 2352 non
481 2291 589 2350 alia
610 2290 785 2369 longe
807 2294 1027 2353 ratione
1050 2310 1119 2353 ac
1139 2292 1407 2372 plumbea
1430 2310 1607 2372 saepe

347 2374 564 2435 fervida
587 2376 646 2435 fit
667 2374 871 2453 glans
854 2395 909 2436 m
935 2395 1105 2437 cursu
1123 2422 1141 2455 ,
1174 2395 1303 2437 cum
1326 2376 1498 2436 multa
1525 2379 1730 2454 rigoris

352 2476 595 2539 corpora
618 2458 900 2521 dimittens
925 2462 1115 2538 ignem
1139 2463 1410 2540 concepit
1429 2463 1485 2521 in
1507 2463 1674 2521 auris.

351 2544 408 2604 fit
433 2562 664 2623 quoque
692 2554 752 2604 ut
773 2545 953 2623 ipsius
982 2544 1187 2623 plagae
1211 2546 1299 2605 vis
1325 2547 1538 2606 excitet
1561 2548 1747 2623 ignem
1770 2592 1787 2623 ,

221 2636 325 2689 310
347 2627 551 2707 frigida
575 2646 702 2689 cum
721 2630 878 2688 venti
902 2628 1124 2708 pepulit
1145 2630 1232 2689 vis
1263 2630 1434 2689 missa
1461 2631 1585 2689 sine
1615 2631 1766 2707 igni,

345 2713 600 2771 nimirum
616 2759 634 2790 ,
661 2713 789 2791 quia
806 2758 822 2790 ,
850 2729 976 2772 cum
998 2714 1248 2772 vementi
1269 2712 1519 2791 perculit
1540 2715 1657 2773 ictu
1675 2759 1692 2789 ,

350 2796 641 2858 confluere
675 2815 749 2856 ex
774 2797 902 2876 ipso
926 2805 1169 2876 possunt
1192 2795 1477 2857 elementa
1499 2798 1729 2875 vaporis
1747 2842 1763 2874 ‚

348 2889 407 2939 et
431 2879 596 2946 simul
620 2898 696 2940 ex
721 2880 818 2941 illa
841 2898 987 2959 quae
1009 2890 1124 2941 tum
1148 2898 1246 2940 res
1271 2882 1485 2960 excipit
1506 2883 1707 2949 ictum,
1693 2903 1706 2916 ·

347 2973 408 3023 ut
424 2962 710 3043 ,lapidem
733 2965 889 3025 ferro
915 2982 1041 3024 cum
1066 2963 1389 3042 caedimus,
1416 2964 1646 3025 evolat
1630 2966 1776 3042 ignis
1792 3011 1810 3041 ,

219 3053 323 3108 315
344 3066 456 3108 nec
472 3046 667 3126 ,quod
696 3047 899 3133 frigida
922 3050 1008 3109 vis
1028 3049 1257 3126 ferrist,
1286 3047 1399 3109 hoc
1422 3051 1603 3110 setius
1624 3047 1707 3107 illi

349 3133 564 3192 semina
590 3143 929 3193 concurrunt
960 3131 1125 3192 calidi
1149 3132 1390 3210 fulgoris
1415 3132 1484 3192 ad
1513 3134 1703 3194 ictum
1756 3176 1760 3180 -

349 3216 435 3274 sic
457 3215 628 3292 igitur
650 3234 879 3296 quoque
901 3236 996 3276 res
1021 3217 1261 3277 accendi
1284 3216 1518 3277 fulmine
1545 3216 1753 3293 debet,

349 3308 666 3376 opportuna
687 3299 791 3360 fuit
824 3302 873 3359 si
896 3300 1045 3361 forte
1068 3309 1125 3360 et
1145 3300 1351 3361 idonea
1373 3300 1622 3360 flammis.

349 3398 461 3440 nec
488 3390 705 3440 temere
729 3385 951 3441 omnino
974 3382 1143 3462 plane
1166 3385 1254 3444 vis
1279 3384 1480 3461 frigida
1504 3385 1657 3444 venti

220 3470 325 3524 320
347 3482 483 3524 esse
506 3472 737 3542 potest,
763 3482 829 3523 ea
860 3482 1003 3542 quae
1025 3475 1175 3526 tauta
1196 3468 1253 3525 vi
1276 3469 1457 3528 missa
1470 3476 1773 3545 supernest
1790 3512 1807 3544 ,
