2409 3825
254 196 299 256 ἃ
1260 191 1288 251 l

426 369 638 420 tantum
659 357 868 434 religio
891 359 1073 435 potuit
1096 356 1339 419 suadere
1361 356 1651 422 malorum.

514 441 776 502 Tutemet
798 441 1057 502 anobis*
1041 458 1149 500 iam
1172 441 1377 519 quovis
1404 449 1665 519 tempore
1689 450 1876 500 vatum
1965 488 1972 496 .
2040 502 2044 516 ἱ

428 524 756 602 terriloquis
778 526 967 585 victus
992 523 1159 585 dictis
1182 523 1520 584 desciscere
1543 541 1807 601 quaeres.
1975 533 2078 616 ff

432 611 644 688 quippe
668 609 878 678 etenim
901 625 1067 685 quam
1085 606 1258 668 multa
1276 607 1417 667 tibi
1400 625 1509 668 ram
1530 607 1749 683 lingere
1770 599 2030 686 possunt

298 706 398 757 105
432 692 681 769 somnia,
709 709 861 769 quae
880 693 1030 751 vitae
1050 692 1302 752 rationes
1325 699 1556 751 vertere
1577 692 1801 769 possint
2381 669 2395 764 l

428 736 801 853 fortunasque
821 784 949 835 tuas
970 776 1152 835 omnis
1176 775 1406 835 turbare
1427 773 1660 835 timore!

429 869 488 919 et
509 860 712 919 merito
730 880 753 917 ε-
768 875 895 920 nam
916 859 965 918 si
987 867 1200 930 certam
1221 858 1394 918 finem
1415 875 1552 920 esse
1572 857 1833 920 viderent
2381 819 2395 920 Ι

430 959 814 1002 aerumnarum
837 940 1094 1002 homines
1110 969 1133 1018 ‚-
1151 941 1342 1018 aliqua
1361 940 1858 1002 rationevalerent

430 1025 806 1102 religionibus
829 1034 1001 1103 atque
1022 1027 1186 1086 minis
1202 1025 1499 1086 obsistere
1522 1034 1714 1086 vatum
1728 1046 1747 1085 τ

306 1122 408 1173 110
433 1127 582 1169 nunc
603 1109 746 1168 ratio
768 1107 1034 1172 nullaest
1052 1107 1305 1170 restandi
1323 1133 1346 1186 ,¹
1361 1106 1520 1168 nulla
1533 1107 1779 1170 facultas
1797 1154 1815 1185 ‚

431 1201 693 1253 aeternas
717 1194 978 1270 quoniam
999 1207 1218 1271 poenas
1241 1193 1298 1251 in
1320 1201 1502 1252 morte
1522 1191 1900 1258 timendumst.

433 1277 895 1353 ignomurenim
917 1294 1063 1353 quae
1087 1278 1379 1338 situatum
1391 1276 1600 1338 ,anitnai
1615 1321 1635 1352 .,

431 1370 558 1419 nata
581 1360 685 1435 sit,
709 1376 778 1418 an
804 1368 1001 1420 contra
1019 1360 1387 1424 nascentibus
1409 1360 1756 1436 insinuetur,

435 1452 494 1502 et
516 1442 680 1503 simul
701 1444 943 1504 intereat
966 1444 1268 1505 nobiscum
1283 1451 1468 1503 morte
1494 1441 1769 1521 dirempta
1785 1487 1803 1518 ‚
2381 1393 2395 1536 Ι

307 1537 408 1589 115
436 1545 506 1586 an
528 1526 796 1587 tenebras
821 1524 958 1587 Orci
980 1529 1126 1588 visat
1144 1534 1466 1604 vastasque,
1476 1525 1706 1587 lacunas
1721 1572 1741 1603 ‚
2321 1539 2334 1572 θ’

433 1629 502 1670 an
528 1609 785 1688 pecudes
810 1609 947 1671 alias
971 1610 1234 1671 divinitus
1258 1611 1504 1671 insinuet
1526 1628 1594 1670 se
1611 1654 1631 1687 ,

433 1692 649 1754 Ennius
676 1702 734 1753 ut
755 1704 956 1755 noster
979 1696 1225 1771 cecinit,
1252 1695 1585 1772 quiprimus
1607 1710 1848 1754 amoeno
2383 1543 2395 1824 1

437 1776 636 1837 detulit
661 1796 734 1837 ex
753 1776 1035 1838 Helicone
1056 1780 1297 1856 perenni
1318 1777 1528 1838 fronde.
1546 1794 1812 1838 coronam
1826 1822 1844 1853 ‚

436 1880 542 1941 per
570 1863 759 1940 gentis
785 1859 953 1923 Italas
977 1861 1262 1927 hominnm
1285 1878 1430 1939 quae
1455 1860 1607 1924 clara
1638 1860 1889 1929 aluei-en
1961 1891 1984 1923 ἢ.
2387 1829 2395 1963 J

305 1956 409 2008 120
436 1948 544 2006 etsi
568 1954 871 2024 praeterea
884 1955 1073 2006 tamen
1102 1963 1238 2005 esse
1261 1944 1582 2013 Acherusia
1606 1943 1819 2021 templa

433 2028 650 2090 Ennius
672 2030 919 2088 aeternis
944 2030 1177 2107 exponit
1197 2028 1462 2089 versibus
1485 2026 1665 2087 edens
1682 2072 1701 2103 ‚
2387 2016 2392 2127 l

439 2129 551 2191 quo
580 2129 769 2189 neque
792 2121 1157 2188 permaneant
1177 2113 1393 2175 animae
1417 2128 1607 2188 neque
1632 2126 1875 2189 corpora
1897 2119 2094 2171 nostra
2108 2155 2127 2187 ,

439 2196 544 2256 sed
569 2193 841 2274 quaedam
864 2193 1161 2257 simulacra
1180 2192 1368 2257 modis
1387 2192 1660 2272 pallentia
1675 2194 1862 2261 mil-iaz

439 2278 589 2338 unde
611 2275 722 2339 s'ibi
746 2287 999 2339 exortam
1019 2296 1252 2355 semper
1275 2277 1529 2341 florentis
1551 2277 1782 2341 Homeri

306 2373 410 2425 125
441 2369 841 2423 commemorat
860 2364 1121 2441 speciem
1138 2361 1400 2422 lacrimas
1418 2360 1728 2423 effundere.
1744 2359 1926 2425 salsas

442 2446 712 2524 coepisse
747 2453 806 2504 et
825 2463 1016 2506 rerum
1037 2453 1290 2505 naturam
1311 2446 1636 2524 expandere
1658 2443 1843 2507 dictis.

441 2546 552 2607 qua
572 2536 811 2608 propter
832 2530 981 2590 bene
1007 2547 1134 2590 eum
1156 2530 1383 2608 superis
1407 2527 1480 2591 de
1502 2530 1676 2589 rebus
1698 2525 1958 2589 habenda

439 2612 606 2675 nobis
630 2622 721 2674 est
741 2615 883 2673 ratio
902 2659 921 2691 ,
951 2612 1093 2675 solis
1116 2612 1400 2692 lunaeque
1420 2622 1638 2674 meatus
2379 2610 2391 2715 Ι

439 2714 550 2774 qua
572 2696 703 2757 fiant
723 2699 940 2757 ratione
958 2743 976 2774 ‚
1002 2707 1060 2758 et
1086 2715 1195 2775 qua
1217 2699 1273 2755 vi
1307 2714 1569 2774 quaeque
1593 2703 1861 2773 gerantur

315 2788 419 2842 130
443 2782 501 2839 in
522 2782 690 2841 terris
706 2825 727 2858 ‚
750 2790 869 2840 tum
891 2799 1019 2841 cum
1040 2782 1236 2859 primis
1259 2782 1477 2840 ratione
1500 2780 1696 2857 sagaci
2379 2758 2389 2871 Ι

441 2863 590 2924 unde
612 2865 791 2924 anima
810 2875 980 2944 atque
1001 2865 1168 2922 animi
1190 2872 1417 2924 constet
1443 2873 1638 2926 natura
1657 2859 1959 2925 videndum
1973 2903 1994 2937 ‚

478 2958 500 3008 t
524 2965 670 3027 quae
692 2966 788 3008 res
811 2949 977 3009 nobis
1000 2934 1366 3031 vigilantibus
1390 2947 1557 3007 obvia
1576 2953 1798 3006 mentes

384 3031 716 3091 ..errificet
742 3033 942 3092 morbo
966 3030 1208 3095 adfectis
1228 3047 1545 3109 somnoque
1565 3028 1808 3108 sepultis
1824 3072 1843 3106 ,

443 3132 684 3174 cernere
709 3115 787 3173 uti
808 3114 1097 3174 videamur
1120 3131 1226 3175 eos
1250 3113 1576 3192 audireque
1587 3129 1776 3172 coram
1794 3155 1813 3189 ,

314 3205 416 3259 135
443 3207 626 3257 morte
651 3196 803 3256 obita
825 3215 1063 3276 quorum
1089 3197 1266 3258 tellus
1288 3196 1650 3274 amplectitur
1680 3211 1831 3256 ossa.

522 3279 649 3340 Nec
672 3298 762 3341 me
784 3283 949 3340 animi
970 3280 1116 3341 fallit
1144 3280 1435 3341 Graiorum
1457 3281 1706 3340 obscura
1724 3289 1956 3358 reperta

443 3363 675 3424 difficile
698 3363 996 3424 inlustrare
1018 3363 1225 3424 Latinis
1246 3363 1513 3423 versibus
1536 3381 1672 3424 esse
1688 3407 1708 3440 ‚
2379 3202 2387 3517 ι

439 3446 611 3507 multa
633 3449 796 3508 novis
820 3447 1015 3507 verbis
1040 3448 1375 3525 praesertim
1402 3462 1529 3507 cum
1552 3447 1624 3505 sit
1646 3445 1926 3522 agendum
