2409 3825
1117 121 1426 180 CATVLLI
1630 44 1657 73 *f
2078 122 2257 196 [xm.

1169 287 1367 363 XIII.

337 423 342 428 ·
475 403 752 472 Cenabis
797 404 989 487 bene,
1032 404 1125 468 mi
1165 403 1461 482 Fabulle,
1508 423 1548 466 a
1591 402 1679 468 ud
1719 424 1824 469 me

475 489 738 573 Paucis,
785 489 841 553 si
882 487 1002 552 tibi
1046 487 1113 552 di
1153 487 1404 570 favent,
1449 486 1552 551 die
1597 509 1701 571 118,

481 573 552 639 Si
593 576 807 639 tecum
850 572 1140 637 attuleris
1183 571 1423 636 bonam
1466 573 1654 655 atque
1696 593 2002 659 magnam

480 657 753 740 Cenam,
796 677 931 720 non
974 656 1113 720 sine
1157 655 1429 720 candida
1469 655 1685 739 puella

336 753 371 805 Β
473 741 567 806 Et
606 742 755 806 vino
800 743 866 806 et
907 740 1041 804 sale
1058 785 1068 793 -
1085 742 1149 804 et
1191 739 1489 804 omnibus
1535 738 1882 806 cachinnis.

310 1175 381 1224 10

318 2574 385 2625 10

316 2994 385 3048 15

478 825 658 890 Haec
702 824 786 908 si,
829 824 1122 909 inquam,
1167 823 1457 888 attuleris
1468 871 1488 906 ,
1532 825 1797 903 venuste
1838 827 2094 909 noster,

481 908 758 976 Cenabis
800 908 992 973 bene:
1034 929 1188 973 nam
1226 907 1325 971 tui
1370 905 1608 972 Catulli

481 992 717 1059 Plenus
762 993 1053 1058 sacculus
1099 994 1199 1057 est
1240 1012 1634 1057 aranearum.

482 1077 609 1144 Sed
651 1079 876 1143 contra
917 1077 1190 1160 accipies
1233 1096 1444 1141 meros
1487 1097 1735 1141 amores

480 1162 606 1228 Seu
647 1158 801 1245 quid
844 1160 1097 1225 suavius
1142 1160 1669 1245 elegantiusvest:

481 1245 652 1311 Nam
693 1245 1093 1327 unguentum
1137 1244 1334 1326 dabo,
1380 1243 1551 1326 quod
1593 1264 1770 1309 meae
1812 1245 2072 1330 puellae

481 1329 829 1411 Donarunt
867 1327 1151 1394 Veneres
1196 1327 1699 1413 Cupidinesque,

483 1412 671 1489 Quod
710 1415 785 1477 tu
826 1433 972 1477 cum
1016 1413 1308 1496 olfacies,
1354 1411 1506 1476 deos
1548 1412 1838 1498 rogabis,
1926 1413 1930 1416 ”

482 1497 720 1563 Το1;11111
759 1499 835 1562 ut
874 1500 940 1563 te
983 1496 1253 1580 faciant,
1297 1495 1564 1561 Fabulle
1578 1547 1596 1582 ‚
1642 1518 1889 1562 nasum.

1158 1684 1390 1759 ΧΠΠ.

482 1801 574 1869 Ni
615 1804 681 1867 te
721 1801 868 1900 plus
913 1800 1114 1865 oculis
1158 1800 1318 1864 meis
1362 1821 1671 1882 amarem,

485 1885 944 1951 Iocundissime
989 1883 1213 1968 calve,
1257 1905 1520 1950 munere
1561 1884 1687 1948 isto

483 1970 778 2037 Odissem
821 1973 886 2034 te
930 1970 1077 2034 odio
1119 1967 1499 2035 Vatiniano:

484 2055 658 2122 Nam
701 2054 855 2141 quid
895 2053 1022 2118 feei
1065 2074 1186 2139 ego
1233 2052 1462 2137 quidve
1507 2074 1647 2117 sum
1690 2051 1975 2137 locutus,

486 2138 617 2206 Cur
659 2161 762 2223 me
802 2141 904 2203 tot
943 2138 1110 2202 male
1152 2138 1449 2222 perderes
1493 2136 1748 2221 poetis?

484 2223 606 2289 Isti
648 2224 715 2287 di
756 2222 925 2287 mala
965 2222 1172 2286 multa
1215 2221 1370 2287 dent
1411 2220 1660 2303 clienti,

487 2307 611 2383 Qui
653 2310 904 2371 tantum
944 2306 1067 2369 tibi
1108 2306 1288 2370 misit
1328 2306 1671 2389 inpiorum.

487 2390 673 2468 Quod
716 2391 802 2473 81,
844 2392 920 2454 ut
962 2411 1068 2454 sus
1114 2390 1280 2473 icor,
1323 2388 1449 2454 hoc
1490 2410 1728 2454 novum
1771 2410 1846 2454 ac
1887 2390 2211 2473 repertum

484 2475 720 2540 Munus
766 2474 875 2538 dat
915 2474 1037 2538 tibi
1127 2475 1259 2538 ulla
1299 2474 1650 2557 litterator,

479 2559 637 2626 Non
680 2562 779 2625 est
817 2559 908 2622 mi
949 2558 1148 2641 male,
1195 2557 1310 2623 sed
1350 2556 1514 2623 bene
1558 2579 1632 2622 ac
1676 2557 1892 2644 beate,

486 2643 672 2720 Quod
712 2665 847 2708 non
876 2643 1259 2727 dispereunt
1298 2642 1396 2706 tui
1436 2642 1707 2706 labores.

484 2728 573 2794 Di
614 2728 864 2813 magni,
908 2726 1281 2791 horribilem
1324 2728 1391 2790 et
1432 2747 1682 2790 sacrum
1723 2724 2016 2791 libellum

488 2813 692 2889 Quem
734 2816 806 2876 tu
850 2810 1093 2876 scilicet
1137 2810 1217 2874 ad
1259 2812 1442 2875 tuum
1487 2809 1811 2875 Catullum

486 2897 697 2980 Misti‚
743 2895 1048 2961 continuo
1091 2896 1165 2959 ut
1207 2893 1310 2959 die
1352 2894 1619 2978 periret,

484 2980 957 3064 Saturnalibus,
1005 2978 1248 3063 optimo
1295 2978 1568 3043 dierum!

485 3066 551 3132 N
554 3088 641 3130 on
681 3086 817 3129 non
858 3063 982 3128 hoe
1023 3062 1175 3146 tibi,
1221 3063 1415 3145 salse,
1462 3063 1555 3126 sic
1598 3061 1836 3127 abibitz

484 3150 685 3229 Nam,
733 3149 788 3211 si
828 3147 1089 3230 luxerit,
1137 3145 1220 3210 ad
1261 3146 1665 3210 librariorum

488 3229 756 3293 Curram
799 3230 1062 3313 scrinia,
1112 3228 1402 3312 Caesios‚
1444 3229 1769 3313 AquinOS,

489 3310 848 3393 Suffenum,
893 3313 1110 3376 omnia
1153 3313 1454 3398 colligam
1495 3334 1776 3395 venena,

482 3391 584 3451 Ac
625 3396 689 3454 te
732 3393 835 3456 his
880 3394 1211 3478 suppliciis
1253 3395 1725 3460 remunerabor.
