2409 3825
1045 189 1124 249 lv

248 359 334 420 illi
352 405 369 437 ‚
397 361 488 420 cui
509 376 684 419 suave
712 368 837 436 est,
860 356 1148 418 levissima
1173 374 1418 435 corpora
1442 356 1651 418 debent

256 440 744 504 contractabiliter
769 441 959 502 caulas
987 444 1194 501 intrare
1219 439 1425 520 palati,

255 538 312 588 at
339 536 536 588 contra
562 526 767 605 quihus
790 536 881 586 est
904 524 1104 585 eadem
1125 543 1223 585 res
1246 526 1394 584 intus
1419 526 1627 585 acerba
1642 572 1661 603 .,

125 622 237 677 660
257 629 464 691 aspera
482 657 499 688 ,
522 612 779 669 nimirum
793 655 812 688 ,
837 617 1137 689 penetrant
1158 608 1491 686 hamataque
1514 610 1731 671 fauces,

255 713 407 755 nunc
431 694 601 754 facile
629 702 816 754 estex
835 694 923 754 his
945 693 1121 754 rebus
1148 709 1511 770 cognoscere
1536 711 1827 774 quaeque:

258 781 474 858 quippe
491 824 508 856 ,
534 778 629 837 ubi
657 779 748 838 cui
769 777 947 839 febris
972 776 1071 837 bili
1095 785 1400 856 superante
1429 787 1625 837 coorta
1649 789 1738 838 est

257 871 355 923 aut
377 862 483 922 alia
503 864 721 922 ratione
750 860 994 941 aliquast
1015 863 1103 920 vis
1128 861 1317 920 excita
1336 861 1552 938 morbi,

256 946 622 1026 perturbatur
643 947 721 1005 ibi
744 947 851 1005 iam
875 955 1054 1005 totum
1084 962 1295 1023 corpus
1317 988 1334 1019 ‚
1368 954 1427 1004 et
1451 962 1647 1007 omnes

119 1041 233 1097 665
257 1039 667 1091 commutantur
688 1029 765 1088 ibi
787 1031 1077 1109 positurae
1101 1029 1537 1107 principiorum;

256 1125 319 1176 ut
342 1114 591 1194 priusad
615 1132 847 1174 sensum
870 1132 1017 1194 quae
1041 1129 1284 1190 corpora
1307 1114 1717 1174 conveniebant

257 1218 410 1259 nunc
432 1215 544 1258 non
570 1199 942 1274 conveniant,
968 1205 1026 1258 et
1054 1206 1248 1256 cetera
1272 1197 1382 1256 sint
1404 1196 1581 1275 magis
1605 1209 1734 1278 apta
1750 1244 1766 1275 ,

260 1302 409 1364 quae
434 1291 727 1362 penetrata
749 1291 960 1361 queunt
982 1298 1215 1341 sensum
1238 1280 1586 1358 progignere
1609 1282 1895 1343 acerbum.

1080 1499 1110 1530 ια

255 1627 500 1695 utraque
524 1618 672 1675 enim
694 1625 823 1677 sunt
845 1616 900 1674 in
922 1614 1108 1676 mellis
1134 1619 1430 1675 commixta
1450 1633 1688 1694 sapore;

115 1709 233 1767 670
255 1700 316 1760 id
342 1700 495 1778 quod
522 1701 631 1759 iam
655 1717 865 1779 supera
888 1699 990 1758 tihi
1021 1718 1199 1779 saepe
1225 1699 1572 1759 ostendimus
1594 1709 1743 1758 ante.

348 1783 513 1843 Nunc
537 1801 646 1861 age
664 1830 681 1862 ‚
708 1800 821 1862 quo
843 1793 1013 1862 pacto
1037 1786 1185 1844 naris
1218 1784 1473 1844 adiectus
1499 1783 1690 1842 odoris

261 1877 455 1946 tangat
476 1885 657 1946 agam.
685 1870 919 1947 primum
943 1885 1039 1929 res
1060 1867 1265 1929 multas
1288 1887 1422 1929 esse
1445 1876 1750 1930 necessest

258 1952 412 2012 unde
440 1953 622 2012 fluens
648 1951 839 2012 volvat
861 1954 1048 2013 varius
1071 1972 1137 2012 se
1161 1953 1366 2013 fluctus
1393 1953 1660 2029 odorum,
1708 2018 1714 2024 ⁴

257 2046 322 2098 et
344 2036 522 2097 fluere
547 2046 607 2096 et
627 2038 771 2095 mitti
801 2035 978 2113 volgo
1003 2039 1314 2116 spargique
1339 2036 1725 2116 putandumst:

19 2167 20 2170 =
115 2130 194 2187 67
198 2133 233 2183 5
262 2138 460 2180 verum
485 2120 611 2182 aliis
633 2120 775 2180 alius
800 2122 980 2197 magis
1007 2130 1098 2180 est
1121 2121 1489 2180 animantibus
1512 2130 1676 2199 aptus
1694 2165 1712 2196 ,

260 2203 551 2265 dissimilis
575 2213 814 2284 propter
838 2204 1065 2265 formas.
1088 2205 1336 2284 ideoque
1368 2223 1476 2284 per
1496 2223 1658 2265 auras

261 2287 453 2348 mellis
477 2306 619 2367 apes
643 2290 896 2367 quamvis
920 2287 1095 2366 louge
1118 2287 1398 2348 ducuntur
1420 2288 1597 2350 odore
1613 2334 1630 2366 ‚

262 2371 611 2450 volturiique
636 2371 1035 2434 cadaveribus:
1064 2381 1179 2433 111111
1203 2373 1338 2434 fissa
1361 2361 1603 2433 ferarum

261 2455 474 2533 ungula
499 2473 626 2535 quo
636 2455 828 2515 tulerit
851 2474 1114 2533 gressum
1138 2458 1414 2535 permissa
1439 2475 1635 2516 canum
1658 2459 1744 2517 vis

119 2548 239 2604 680
265 2541 457 2617 ducit,
482 2550 542 2599 et
563 2539 857 2599 humanum
880 2538 1054 2618 longe
1078 2542 1389 2619 praesentit
1412 2541 1647 2602 odorem

264 2622 687 2683 Romulidarum
708 2625 856 2683 arcis
885 2634 1144 2684 servator
1161 2670 1178 2701 ‚
1208 2623 1474 2683 candidus
1499 2642 1682 2684 anser.

268 2709 357 2769 sic
377 2707 503 2772 aliis
529 2706 673 2767 alius
696 2707 860 2769 nidor
883 2708 1044 2769 datus
1068 2708 1137 2768 ad
1161 2726 1263 2767 sua
1289 2725 1570 2786 quemque

263 2790 472 2871 pabula
497 2791 652 2852 ducit
677 2800 734 2851 et
756 2809 788 2851 a
811 2801 960 2852 tetro
987 2791 1212 2852 resilire
1236 2810 1462 2851 veneno

263 2876 457 2953 cogit,
483 2893 672 2954 eoque
695 2875 863 2935 modo
887 2885 1185 2937 servantur
1207 2875 1400 2936 saecla
1424 2876 1686 2935 ferarum.

125 2968 236 3023 685
349 2958 457 3019 Hic
482 2959 626 3019 odor
647 2961 774 3039 ipse
802 2961 1008 3038 igitur,
1030 2962 1179 3020 naris
1205 2960 1548 3039 quicumque
1570 2959 1840 3036 lacessit,

19 3053 22 3054 ’
265 3052 359 3106 est
380 3042 493 3103 alio
516 3052 577 3103 ut
601 3045 787 3122 possit
809 3046 1058 3123 permitti
1084 3042 1310 3120 longius
1334 3043 1507 3103 alter:

262 3127 370 3186 sed
391 3137 579 3187 13111011
603 3127 749 3190 1131111
771 3128 1067 3207 quisquam
1089 3138 1199 3188 tam
1224 3125 1398 3204 longe
1423 3127 1603 3188 fertur
1625 3144 1819 3187 eorum

265 3229 431 3289 quam
455 3213 674 3272 sonitus
693 3257 712 3290 ‚
740 3229 904 3291 quam
933 3231 1077 3289 vox,
1102 3214 1262 3272 mitto
1286 3213 1393 3270 iam
1419 3211 1615 3272 dicere
1641 3229 1804 3289 quam
1828 3229 1924 3272 res

19 3341 22 3374 ἶ
266 3313 413 3373 quae
437 3295 648 3356 feriunt
674 3295 969 3356 oculorum
991 3298 1146 3357 acies
1167 3296 1466 3375 visumque
1489 3294 1798 3356 lacessunt.

120 3388 238 3445 690
261 3379 616 3440 errabundus
643 3382 790 3440 enim
814 3380 970 3440 tarde
999 3380 1188 3457 venit,
1212 3398 1281 3440 ac
1307 3381 1456 3459 perit
1479 3389 1608 3439 ante

266 3462 535 3543 paulatim
566 3462 750 3524 facilis
776 3463 1078 3525 distractus
1100 3465 1156 3523 in
1180 3463 1330 3523 aeris
1355 3481 1550 3532 auras;

1966 191 2093 256 109
