2409 3825
740 177 940 228 xxm.
1015 179 1400 227 HANmBAL.
1448 176 1496 225 e.
1541 174 1593 228 ’1.
2040 165 2127 231 ’93

185 312 395 397 gessit
435 311 737 378 adversus
778 313 852 379 P.
898 311 1002 380 Sei
1049 314 1296 397 ionem,
1350 314 1554 379 filium
1605 313 1741 378 eius
1785 311 2124 399 Scipionis,

237 419 390 463 uem
417 396 583 495 ipse·
598 398 807 482 primo
853 420 893 464 a
937 420 978 462 u
1064 397 1470 496 Rhodanum,
1515 398 1748 463 iterum
1791 420 1830 462 a
1875 398 1963 462 ud
2005 399 2125 464 Pa-

188 485 626 631 hldrlinstisteilatrld)
653 482 898 650 affige
926 483 1615 664 saggitantlibffigffii'fit
1630 503 2124 651 ffiraoeeoent‘i}
2152 496 2185 545 2

187 672 342 715 rum
382 649 625 715 bellum
678 671 752 717 eo
866 672 1084 735 onere,
1144 673 1272 736 quo
1327 652 1647 717 valentior
1679 656 1927 799 (postea
1977 672 2128 716 eon-

188 734 588 820 grederetur.
657 735 729 800 in
756 756 832 801 eo
861 736 1149 819 loquium
1176 735 1512 801 convenit:
1554 756 1678 800 eon
1722 735 1962 802 ieiones
1991 757 2130 801 non

190 823 658 884 convenerunt.
767 824 917 903 post
975 820 1042 884 id
1104 820 1347 886 factum
1403 819 1624 904 paucis
1677 819 1899 884 diebus
1954 819 2126 905 apud
2153 832 2186 881 3

191 902 463 967 Zamam
490 923 635 968 eum
659 903 882 968 eodem
903 903 1224 969 conflixit:
1254 904 1477 989 pulsus
1500 903 1902 991 (incredibile
1925 905 2129 981 dictu)

187 986 395 1052 biduo
427 990 493 1051 et
521 987 764 1052 duabus
791 989 1091 1054 noctibus
1112 987 1582 1054 Hadrumetum
1609 988 1922 1074 pervenit,
1955 988 2128 1074 quod

190 1071 383 1135 abest
433 1071 515 1135 ab
559 1069 756 1136 Zama
797 1072 1049 1138 circiter
1090 1074 1271 1139 milia
1362 1094 1623 1138 assuum
1663 1077 1969 1140 trecenta.
2055 1073 2126 1137 in
2153 1084 2190 1134 4

188 1155 322 1219 hae
375 1156 534 1240 fuga
572 1153 920 1239 Numidae,
976 1157 1088 1241 qui
1145 1157 1312 1222 simu
1390 1179 1536 1223 eum
1580 1178 1657 1223 eo
1701 1177 1782 1222 ex
1835 1158 1970 1223 aeie
2026 1179 2132 1222 ex-

191 1244 541 1323 cesserant,
584 1238 870 1306 insidiati
914 1246 1067 1306 sunt
1108 1241 1199 1306 ei:
1245 1262 1406 1326 quos
1447 1263 1586 1307 non
1627 1242 1839 1307 solum
1880 1241 2129 1329 effugit,

190 1322 313 1388 sed
380 1324 573 1388 etiam
627 1325 801 1408 ipsos
867 1325 1203 1409 oppressit.
1312 1324 1694 1390 Hadrumeti
1757 1326 2042 1410 reliquos
2094 1347 2130 1390 e

190 1407 358 1492 fuga
400 1407 689 1505 collegit:
741 1410 930 1474 novis
973 1409 1309 1475 dilectibus
1349 1410 1572 1494 paucis
1625 1408 1850 1475 diebus
1892 1409 2151 1482 multos,

194 1495 539 1559 eontra-nt.
1630 1524 1635 1530 ’

371 1575 536 1663 Qm
596 1578 669 1643 in
726 1577 1094 1663 apparando
1158 1577 1467 1644 aeerrime
1530 1580 1698 1644 esset
1761 1583 2128 1661 occupatus,
2162 1574 2205 1644 ‘1

191 1659 773 1746 Karthaginienses
801 1663 1043 1729 bellum
1085 1683 1233 1727 eum
1273 1658 1584 1728 Romanis
1612 1667 2130 1747 composuerunt.

191 1745 311 1811 ille
352 1744 564 1810 nihilo*
604 1748 809 1812 secius
853 1746 1160 1812 exercitui
1201 1751 1441 1831 postea,
1465 1736 1750 1831 praefuit
1790 1767 2018 1830 resque
2060 1747 2132 1810 in

91 1913 96 1918 μ
191 1829 426 1895 Africa
483 1830 685 1929 gessit
762 1831 1043 1916 itemque
1096 1830 1293 1917 Mago
1336 1831 1537 1896 frater
1590 1829 1755 1919 eius]
1805 1851 2008 1916 usque
2052 1830 2135 1897 ad

167 1914 273 2004 ‚P.
320 1913 675 1999 Sulpleium
785 1968 801 1984 .
844 1916 1182 1981 Aurelium
1224 1917 1537 1982 eonsules.
1624 1915 1727 1981 his
1781 1916 1956 1981 enim
1998 1938 2128 1981 ma·
2157 1928 2192 1979 2

195 1999 580 2085 gistratibus
616 1999 816 2084 legati
858 1999 1431 2085 Karthaginienses
1472 2000 1747 2065 Romam
1795 2005 2133 2083 venerunt,

197 2083 317 2167 qui
357 2083 611 2181 senatui
637 2084 1007 2183 populoque
1034 2081 1330 2151 Romano
1361 2086 1601 2170 gratias
1628 2087 1914 2169 agerent,
1960 2084 2136 2168 quod

197 2170 1301 2339 ffiffisssssssssszzsszfflqssk
1349 2190 1828 2337 {233312503
1880 2189 2135 2350 5333}ss

197 2356 427 2401 eorum
466 2335 779 2422 Fregellis
832 2341 1047 2403 essent
1087 2338 1453 2423 captivique
1506 2336 1941 2403 redderentur.
2026 2337 2129 2402 h1s
2158 2348 2193 2398 8

199 2441 283 2484 ex
331 2422 590 2485 senatus
644 2422 939 2487 consulto
992 2443 1374 2505 responsum
1428 2426 1555 2487 est:
1620 2444 1855 2488 munus
1910 2443 2135 2498 eorum

198 2507 461 2590 gratum
502 2509 959 2590 acceptumque
1005 2527 1171 2589 esse3
1225 2505 1506 2589 obsides,
1563 2526 1692 2588 quo
1746 2506 1891 2572 loeo
1947 2525 2133 2589 roga-

197 2591 352 2652 rent
442 2587 724 2674 futuros,
770 2590 1059 2674 captivos
1101 2611 1238 2655 non
1280 2591 1660 2702 rqnissuros
1672 2641 1691 2674 ‚
1737 2588 1911 2673 quod
1951 2587 2135 2654 Han-

196 2637 504 2769 nibalem,
549 2672 730 2737 euius
773 2695 972 2758 opera
1010 2677 1378 2759 susceptum
1404 2673 1649 2740 bellum
1689 2673 1882 2771 foretz
1923 2673 2136 2770 inimi-

197 2775 530 2821 clsslmum
570 2757 822 2822 nomini
863 2756 1179 2842 Romano,
1226 2758 1421 2823 etiam
1462 2778 1637 2823 nune
1680 2779 1828 2824 eum
1860 2778 2132 2842 imperio

198 2839 377 2924 apud
418 2841 766 2906 exereitum
806 2841 1119 2910 haberent
1158 2842 1442 2940 itemque
1494 2842 1761 2908 fratrem
1816 2842 1955 2908 eius
1995 2841 2132 2906 Ma-

197 2945 458 3010 gonem.
529 2923 656 2990 hoe
697 2947 1006 3010 responso
1033 2925 1607 3012 Karthaginienses
1649 2927 1912 3013 cognito
1955 2925 2133 3000 Han-
2160 2935 2198 2987 4

197 3008 485 3090 nibalem
529 3008 792 3074 domum
844 3014 911 3075 et
961 3010 1311 3095 Magonem
1373 3015 1774 3078 revocarunt.
1880 3010 2010 3076 hue
2062 3015 2138 3075 ut

197 3091 413 3175 rediit,
455 3114 570 3158 rex
610 3093 819 3158 faetus
861 3098 979 3179 est,
1021 3099 1366 3179 postquam
1392 3099 1655 3180 praetor
1685 3095 1914 3179 fuerat,
1959 3116 2133 3160 anno

198 3175 483 3241 seeundo
527 3179 595 3241 et
634 3178 973 3244 vicesimo:
1017 3183 1093 3245 ut
1134 3180 1309 3246 enim
1348 3178 1594 3246 Romae
1659 3180 1955 3247 eonsules
1965 3230 1986 3263 ‚
2042 3180 2135 3244 sie

197 3258 604 3347 Karthagine
659 3264 1005 3346 quotannis
1063 3264 1266 3329 annui
1318 3264 1459 3329 bini
1499 3288 1535 3329 r
1617 3286 1685 3330 es
1727 3264 2128 3330 creabantur.

197 3345 274 3410 in
298 3365 395 3441 eo
595 3345 818 3413 ’stratu
870 3347 1013 3432 pari
1066 3347 1403 3434 diligentia
1456 3369 1524 3413 se
1535 3284 1898 3413 e&annibal
1949 3368 2129 3441 prae·
2157 3354 2192 3406 6

198 3431 376 3514 bu1t,
419 3451 495 3495 ae
566 3435 749 3498 uerat
797 3433 870 3498 in
913 3433 1102 3499 bello.
1188 3454 1469 3517 namque
1524 3432 1762 3517 effecit,
1816 3453 1898 3497 ex
1942 3450 2132 3498 novis
