2409 3825
286 191 369 260 ιο
694 173 701 178 ”
1267 187 1295 249 1

533 356 661 420 Nec
687 366 873 421 tamen
894 356 1141 438 undique
1165 374 1447 440 corporea
1468 357 1675 437 stipata
1695 367 1961 421 tenentur

323 455 430 510 330
455 443 639 503 omnia
658 450 881 503 natura:
909 458 1149 519 namque
1174 450 1265 501 est
1288 443 1345 501 in
1365 442 1540 503 rebus
1564 442 1745 503 inane.

455 525 607 604 quod
626 526 728 586 tibi
753 542 1042 604 cognosse
1065 526 1122 586 in
1143 522 1332 586 multis
1355 526 1463 587 erit
1488 524 1626 588 utile
1651 527 1826 588 rebus
1843 572 1863 605 ,

454 629 565 672 nec
587 611 737 671 sinet
758 617 1038 670 errantem
1060 606 1315 670 dubitare
1340 618 1398 670 et
1422 627 1698 687 quaerere
1721 628 1951 691 semper

453 693 525 755 de
547 711 758 756 summa
778 708 967 753 rerum
989 701 1047 756 ct
1069 693 1280 755 nostris
1305 692 1562 756 diffidere
1587 693 1771 755 dictis.

456 778 829 858 [quapropter
846 774 1013 838 locus
1044 784 1134 836 est
1155 777 1399 838 intactus
1421 777 1585 839 inane
1608 779 1958 860 vacansque]

318 873 422 927 335
445 860 599 942 quod
620 861 669 920 si
694 876 804 919 non
828 869 1023 937 esset,
1047 856 1200 920 nulla
1221 861 1438 921 ratione
1462 863 1678 922 moveri

451 963 549 1005 res
570 951 838 1023 possent:
860 960 1099 1022 namque
1122 942 1371 1003 officium
1394 944 1546 1024 quod
1568 946 1827 1025 corporis
1853 954 2074 1023 exstat,

455 1028 693 1089 officere
715 1036 884 1106 atque
910 1023 1138 1088 obstare
1153 1072 1172 1104 ,
1198 1026 1257 1086 id
1278 1029 1336 1087 in
1357 1030 1786 1109 omnitempore
1809 1028 2041 1092 adesset

455 1111 743 1173 omnibus:
764 1109 912 1171 haud
933 1111 1106 1187 igitur
1128 1112 1428 1190 quicquam
1451 1113 1773 1192 procedere
1791 1122 2029 1192 posset,

456 1195 790 1275 principium
814 1195 1071 1273 quoniam
1096 1194 1337 1256 cedendi
1359 1194 1514 1258 nulla
1535 1196 1695 1257 daret
1714 1215 1827 1258 res.

323 1290 431 1344 340
460 1288 516 1340 at
539 1296 688 1338 nunc
710 1296 817 1357 per
836 1279 1006 1338 maria
1027 1296 1095 1338 ac
1121 1286 1304 1341 terras
1327 1278 1681 1360 sublimaque
1707 1279 1851 1341 caeli

454 1362 627 1423 multa
647 1361 826 1423 modis
850 1360 1036 1422 multis
1057 1363 1211 1422 varia
1236 1363 1452 1424 ratione
1476 1366 1690 1425 moveri

458 1448 737 1508 cernimus
759 1455 887 1506 ante
911 1445 1147 1516 oculos;
1170 1464 1314 1525 quae
1331 1492 1349 1525 ‚
1375 1449 1426 1507 si
1443 1465 1555 1508 non
1578 1458 1737 1509 esset
1761 1450 1921 1508 inane
1936 1493 1954 1526 ‚

453 1549 565 1591 non
587 1540 698 1591 tam
719 1529 970 1591 sollicito
992 1539 1145 1615 mqtu
1168 1532 1387 1609 privata
1409 1541 1667 1592 carerent

455 1633 617 1695 quam
638 1615 830 1694 genita
856 1615 1079 1675 omnino
1101 1612 1254 1674 nulla
1274 1615 1490 1676 ratione
1513 1616 1789 1692 fuissent,

318 1709 423 1763 345
452 1700 696 1778 undique
719 1699 987 1761 materies
1011 1699 1269 1776 quoniam
1294 1700 1498 1778 stipata
1522 1702 1793 1777 quiesset.

453 1791 754 1863 praeterea
781 1783 1030 1860 quamvis
1054 1781 1273 1843 solidae
1295 1801 1391 1844 res
1413 1803 1548 1845 esse
1572 1793 1870 1863 putentur,

450 1866 582 1927 hinc
605 1874 789 1927 tamen
815 1883 947 1925 esse
971 1863 1110 1926 licet
1127 1881 1255 1926 raro
1280 1883 1406 1927 cum
1430 1883 1675 1947 corpore
1702 1885 1920 1928 cernas.

453 1952 506 2009 in
532 1951 681 2013 saxis
705 1966 773 2007 ac
796 1947 1087 2026 speluncis
1110 1959 1398 2026 permanat
1424 1968 1686 2029 aquarum

453 2032 700 2112 liquidus
725 2048 883 2090 umor
907 2042 965 2092 et
988 2031 1259 2092 uberibus
1285 2031 1420 2094 flent
1448 2035 1629 2093 omnia
1651 2036 1844 2112 guttis.

316 2127 427 2181 350
453 2116 688 2195 dissipat
710 2116 767 2174 in
791 2126 1000 2195 corpus
1024 2134 1158 2176 sese
1185 2116 1347 2177 cibus
1379 2134 1542 2176 omne
1566 2119 1926 2178 animantum:

455 2208 722 2261 crescunt
744 2200 971 2269 arbusta
994 2207 1051 2260 et
1074 2198 1225 2265 fetus
1249 2201 1584 2279 intempore
1610 2201 1879 2280 fundunt,

454 2283 604 2363 quod
630 2284 791 2345 cibus
815 2284 871 2341 in
893 2293 1040 2344 totas
1063 2301 1245 2362 usque
1268 2284 1339 2344 ab
1373 2284 1655 2345 radicibus
1682 2287 1805 2347 imis

453 2385 561 2447 per
582 2377 813 2428 truncos
837 2385 905 2427 ac
929 2386 1035 2447 per
1054 2384 1239 2428 ramos
1265 2367 1585 2428 diffunditur
1607 2372 1803 2430 omnis.

264 2506 287 2532 s
454 2452 600 2512 inter
620 2460 820 2530 saepta
839 2461 1025 2511 meant
1047 2469 1226 2513 voces
1251 2460 1309 2512 et
1334 2451 1526 2513 clausa
1554 2452 1840 2513 domorum

310 2545 418 2599 355
445 2534 865 2612 transvolitant,
892 2535 1129 2613 rigidum
1153 2546 1440 2616 permanat
1464 2536 1643 2615 frigus
1667 2537 1738 2597 ad
1762 2554 1909 2598 ossa.

452 2618 601 2699 quod
625 2620 732 2679 nisi
754 2619 936 2679 inania
958 2620 1102 2697 sint,
1129 2639 1237 2700 qua
1266 2638 1507 2700 corpora
1532 2639 1789 2700 quaeque
1811 2622 2071 2684 valerent

449 2703 686 2764 transire
710 2700 857 2763 haud
880 2701 993 2763 ulla
1017 2704 1137 2763 fieri
1161 2706 1376 2765 ratione
1400 2704 1647 2767 videres.

450 2785 694 2865 denique
720 2805 821 2848 cur
844 2786 981 2847 alias
1004 2785 1127 2848 aliis
1150 2798 1442 2865 praestare
1466 2787 1719 2850 videmus

447 2869 702 2949 pondere
724 2888 820 2932 res
849 2872 1025 2931 rebus
1049 2868 1165 2929 nilo
1190 2874 1400 2932 maiore
1426 2870 1643 2950 figura?

317 2962 425 3017 360
449 2955 648 3013 namsi
671 2953 1048 3015 tantundemst
1071 2955 1125 3015 in
1148 2952 1309 3015 lanae
1332 2955 1590 3033 glomere
1616 2967 1876 3035 quantum

450 3037 710 3116 corporis
741 3037 797 3096 in
818 3037 1050 3116 plumbo
1075 3046 1198 3115 est,
1235 3039 1557 3100 tantundem
1581 3040 1833 3118 pendere
1859 3058 1961 3119 par
1986 3050 2112 3112 est3

449 3121 708 3199 corporis
734 3120 1038 3182 officiumst
1063 3125 1322 3200 quoniam
1346 3141 1607 3202 premere
1633 3125 1812 3182 omnia
1837 3124 2144 3205 deorsum,

446 3212 641 3263 contra
665 3213 849 3265 autem
871 3213 1063 3264 natura
1087 3216 1271 3267 manet
1294 3208 1415 3267 sine
1439 3205 1693 3285 pondere
1719 3208 1915 3268 inanis.
2007 3254 2028 3266 .

444 3304 588 3364 ergo
615 3286 766 3365 quod
786 3300 1100 3366 magnumst
1124 3308 1306 3368 aeque
1332 3289 1629 3369 leviusque
1653 3289 1907 3369 videtur,

314 3377 418 3432 365
441 3372 729 3449 nimirum,
754 3370 884 3451 plus
911 3391 1046 3433 esse
1072 3373 1180 3433 sihi
1208 3373 1459 3433 declarat
1487 3374 1696 3451 inanis:

313 3445 408 3518 4
441 3462 496 3513 at
523 3464 717 3515 contra
740 3457 970 3532 gravius
997 3454 1125 3533 plus
1150 3457 1203 3515 iu
1229 3476 1294 3517 se
1322 3458 1582 3535 corporis
1609 3475 1743 3519 esse
