2409 3825
212 205 272 242 ιν
670 177 689 192 ⁴
979 183 1412 240 PRAEFATIO.

214 354 371 426 quod
402 355 496 425 qui
532 369 661 410 eum
698 353 954 409 exaravit
985 353 1041 407 in
1075 352 1386 424 exemplari
1414 369 1517 407 suo
1554 354 1592 408 a
1619 353 1854 408 litteram
1890 370 2062 425 supra
2087 372 2237 426 pro-

213 441 295 495 dit
314 438 576 509 scriptam
601 438 869 510 repperit,
893 436 988 493 ubi
1012 452 1228 493 revera
1255 436 1573 492 etiamnunc
1589 453 1622 493 a
1641 443 1960 494 correctore
1986 439 2237 510 ascripta

219 528 400 579 exstat
422 523 477 577 in
509 520 829 593 Quadrato,
871 527 959 589 ut,
995 521 1148 592 quod
1178 521 1455 577 sententia
1483 523 1758 595 postulat,
1799 521 2069 578 efficiatur
2085 540 2236 595 pro-

215 609 349 662 dita.
438 606 502 661 Id
542 623 680 663 vero
726 605 862 677 quid
905 606 1011 661 sibi
1060 607 1233 661 vellet
1275 621 1401 661 cum
1439 621 1553 661 non
1593 606 1929 678 intelligeret
1971 607 2236 662 librarius

218 691 491 762 Oblongi,
539 691 730 746 reiecit
764 691 801 746 5
830 688 967 745 illud
999 689 1073 746 ad
1108 691 1354 761 reliquas
1385 690 1701 762 singulares
1732 691 1940 746 litteras
1972 691 2028 746 in
2059 691 2237 747 finem

215 775 499 831 versiculi.
551 775 707 830 Hanc
736 774 903 847 igitur
931 774 1210 846 originem
1237 773 1402 830 huius
1434 775 1516 830 rei
1546 791 1670 830 cum
1694 774 2087 832 Lachmannus
2117 793 2238 831 non

214 860 596 932 perspiceret,
648 865 814 930 atque
858 857 1171 914 secundum
1214 874 1431 915 morem
1473 874 1639 914 suum
1690 859 1984 916 inferiores
2035 867 2235 932 partes

217 942 501 1011 Quadrato
535 944 783 999 tribuens
831 959 865 998 a
912 943 1324 1014 portentosiore
1367 941 1606 1015 Oblongi
1667 944 1944 1016 scriptura
2003 944 2237 1017 profici-

216 1033 497 1099 sceretur,
529 1028 584 1082 in
615 1028 738 1099 ipso
770 1032 958 1083 autem
981 1026 1236 1100 Oblongo
1262 1045 1373 1083 non
1392 1028 1622 1100 prodita
1654 1035 1876 1085 exstare
1913 1029 2018 1085 sed
2039 1030 2240 1102 prodit

214 1124 415 1184 parum
451 1111 813 1167 memorabile
852 1112 1223 1168 existimarem
1268 1129 1336 1168 eo
1371 1113 1631 1184 pervenit
1659 1118 1717 1166 ut
1759 1112 1904 1168 haec
1935 1120 2237 1169 annotaret

214 1197 289 1251 ad
311 1211 543 1251 versum
572 1198 706 1255 563:
736 1183 1154 1252 ‘INCLINATA
1194 1195 1468 1252 MINENT
1508 1196 1581 1252 IN
1621 1196 1878 1253 EADEM
1912 1196 2238 1254 PRODITA

213 1278 532 1334 PARTEM.
569 1280 639 1334 A.
666 1279 738 1335 A.
771 1278 835 1347 Q.
868 1279 932 1349 Q.
1004 1279 1322 1348 Quadratus
1342 1282 1538 1354 prodit
1544 1287 1762 1354 partem
1782 1297 2001 1356 aqueq„
2041 1289 2100 1338 ut
2127 1299 2234 1355 ap-

213 1369 414 1436 pareat
453 1364 740 1419 librarium
782 1365 875 1420 illa
919 1382 970 1419 a.
1002 1383 1054 1420 a.
1086 1382 1139 1438 q.
1171 1384 1225 1438 q.
1269 1382 1383 1420 non
1428 1366 1774 1423 intellexisse
1811 1406 2002 1422 .....
2042 1383 2234 1438 neque

216 1464 326 1519 ego
373 1447 509 1520 quid
556 1464 660 1521 per
716 1466 785 1505 ea
828 1449 1173 1521 significetur
1217 1456 1487 1522 exputare
1539 1466 1775 1522 possum
1818 1489 1992 1508 .....
2042 1468 2234 1523 neque

213 1549 384 1602 vero,
417 1533 593 1604 siquis
616 1532 715 1588 hic
743 1540 909 1589 notae
939 1535 1171 1589 alicuius
1200 1534 1515 1589 Probianae
1547 1534 1850 1606 vestigium
1882 1536 2232 1590 remansisse

214 1617 559 1689 suspicetur,
591 1617 667 1674 ad
697 1635 926 1676 versum
957 1620 1143 1691 ipsum
1166 1618 1582 1675 emendandum
1607 1618 1740 1674 mihi
1770 1619 2067 1690 quicquam
2094 1637 2234 1693 pro-

213 1699 385 1758 ficere
428 1702 748 1760 videbitur)
822 1703 985 1760 Unde
1033 1704 1125 1775 qui
1168 1705 1353 1761 virum
1401 1703 1870 1776 paucissimorum
1921 1706 2231 1761 verborum

214 1787 585 1858 cognoverint
633 1787 788 1842 haud
834 1789 1106 1843 immerito
1156 1788 1521 1859 concludent,
1575 1806 1646 1844 ne
1695 1788 1881 1859 ipsum
1929 1784 2154 1861 quidem
2195 1806 2235 1844 a

212 1870 488 1927 Probiana
517 1876 648 1927 nota
679 1872 753 1927 ibi
783 1872 1125 1944 suspicanda
1153 1872 1395 1929 alienum
1440 1874 1643 1946 fuisse,
1687 1872 1780 1930 ubi
1817 1874 2003 1945 potius
2047 1889 2233 1946 prava

216 1956 432 2011 iteratio
466 1955 833 2027 agnoscenda
864 1961 983 2011 erat
1023 1957 1133 2010 iam
1175 1957 1232 2010 in
1276 1955 1587 2029 archetypo
1618 1964 1935 2014 nostrorum
1968 1958 2231 2014 codicum

218 2038 487 2095 admissa.
522 2069 610 2081 -—
638 2039 795 2096 Idem
824 2055 964 2096 vero
1003 2040 1357 2095 librariorum
1401 2057 1589 2110 error,
1634 2040 1728 2112 qui
1769 2041 1826 2095 in
1857 2040 1966 2098 hoc
1996 2043 2120 2098 loco
2156 2045 2230 2098 ab

212 2124 340 2194 ipsa
369 2139 570 2179 versus
599 2138 865 2178 mensura
887 2122 1264 2197 redarguitur,
1294 2141 1397 2196 per
1430 2124 1611 2179 locum
1644 2129 1829 2181 autem
1849 2115 2235 2202 παράλληλον

216 2207 326 2277 (V,
355 2204 489 2283 421)
520 2207 814 2287 corrigitur
842 2207 900 2263 in
932 2225 1105 2266 versu
1136 2212 1273 2267 1023
1315 2209 1437 2265 libri
1467 2210 1664 2283 primi,
1705 2210 1880 2265 solius
1915 2211 2229 2268 sententiae

217 2308 326 2363 ope
371 2291 628 2363 indagari
668 2298 854 2365 potest
898 2293 955 2348 in
997 2295 1293 2349 multorum
1336 2295 1572 2349 aliorum
1632 2311 1899 2352 versuum
1942 2296 2228 2352 clausulis·

215 2372 391 2442 Quod
422 2376 654 2432 fecimus
714 2395 746 2434 e
787 2379 1061 2433 sententia
1103 2378 1446 2435 Lachmanni
1499 2396 1626 2435 cum
1671 2379 1801 2436 alibi
1844 2379 1923 2449 11,
1953 2385 2091 2453 422,
2121 2382 2228 2439 467

215 2461 310 2528 [cf.
348 2459 494 2515 Nov.
528 2459 673 2515 Mus.
707 2460 890 2517 Rhen.
922 2461 979 2515 V
1006 2480 1062 2534 p.
1092 2466 1254 2534 573]‚
1282 2466 1416 2531 6303
1461 2463 1535 2534 V,
1565 2467 1705 2531 4683
1749 2464 1855 2534 VI,
1885 2471 1952 2523 15
1990 2471 2105 2518 tum
2129 2464 2228 2533 IV,

214 2545 320 2602 987
348 2544 439 2599 ubi
472 2559 642 2617 saepe
668 2547 842 2619 quiete
885 2562 990 2618 per
1021 2548 1276 2604 librarios
1306 2564 1612 2620 perperam
1653 2564 1726 2605 ex
1757 2565 1929 2606 versu
1970 2549 2062 2619 qui
2095 2556 2228 2620 post

215 2644 345 2682 eum
377 2634 463 2683 est
489 2629 778 2699 proximus
805 2630 1012 2685 illatum
1040 2632 1115 2688 ita
1150 2634 1359 2705 expulit
1386 2632 1774 2689 Lucretianam
1804 2633 2132 2704 clausulam,
2167 2640 2226 2687 ut

214 2711 564 2768 coniiciendo
596 2716 920 2786 recuperari
950 2722 1212 2788 nequeat.
1298 2716 1481 2787 Atque
1507 2717 1654 2773 adeo
1688 2717 1746 2772 in
1767 2733 1939 2773 versu
1966 2720 2068 2775 491
2099 2717 2223 2772 libri

212 2794 308 2849 IV.
349 2795 585 2852 dubitari
613 2803 798 2869 potest
829 2805 1012 2854 utrum
1039 2806 1318 2872 necessest
1345 2817 1415 2856 ex
1442 2816 1616 2856 versu
1643 2804 1773 2873 post
1808 2817 1936 2855 eum
1968 2799 2222 2856 secundo

210 2882 316 2937 493
346 2895 420 2935 an
450 2897 520 2935 ex
559 2882 720 2936 tertio
768 2888 894 2953 ante
928 2900 1056 2939 eum
1085 2888 1191 2943 488
1232 2884 1530 2956 irrepsisse
1576 2882 1753 2940 dicas.
1823 2884 2223 2940 Huiuscemodi

212 2968 397 3018 autem
424 2971 719 3037 peccatum
748 2965 1098 3023 librarIorum
1129 2968 1294 3024 etiam
1324 2969 1431 3037 VI,
1474 2972 1612 3027 1010
1638 2969 2052 3041 persentiscere
2088 2968 2222 3024 mihi

211 3045 413 3104 videor
453 3048 510 3103 in
544 3048 835 3106 vocabulis
882 3065 958 3107 ex
979 3053 1280 3121 elementi-9,
1322 3053 1377 3107 in
1408 3068 1644 3124 quorum
1694 3053 2064 3126 explicatione
2097 3055 2224 3124 ipse

212 3131 315 3186 sibi
351 3147 465 3187 non
508 3133 849 3189 satisfecisse
876 3134 1100 3191 videtur
1117 3136 1530 3193 Lachmannus.
1606 3135 1909 3193 Confitetur
1937 3143 2088 3193 certe
2119 3136 2223 3192 ad-

213 3231 342 3270 esse
373 3216 445 3270 ibi
470 3203 785 3273 ‘concisum
816 3218 1104 3289 quoddam
1142 3220 1365 3277 dicendi
1407 3236 1589 3293 genus
1619 3221 1776 3276 cuius
1814 3220 1994 3277 simile
2029 3235 2220 3277 exem-

209 3300 365 3369 plum
406 3315 519 3355 non
559 3301 742 3373 possit
780 3305 1084 3374 promere)
1161 3303 1380 3373 Quare,
1416 3305 1600 3360 donec
1629 3305 1739 3361 tale
1784 3307 2105 3377 exemplum
2134 3305 2217 3358 in·

208 3387 439 3438 ventum
475 3385 609 3454 erit,
648 3386 821 3442 satius
856 3388 1019 3443 suerit
1054 3386 1207 3444 idem
1247 3389 1304 3443 in
1340 3386 1428 3443 his
1456 3388 1747 3445 vocabulis
1790 3390 1993 3445 factum
2021 3393 2223 3462 putare

209 3466 361 3536 quod
404 3468 605 3525 totiens
651 3471 780 3525 alibi
823 3471 1099 3528 accidisse
1147 3471 1424 3537 vidimus;
1469 3478 1697 3542 praeter
1737 3489 1891 3544 rem,
1943 3472 2224 3540 nimirum,

2367 2894 2374 3161 1

2341 3594 2374 3791 l
