2409 3825
241 185 365 252 170
1202 177 1282 238 vl

406 351 555 427 ignis
578 348 827 407 habere:
856 347 1064 404 etenim
1091 361 1218 402 cum
1243 354 1370 404 sunt
1395 361 1591 405 umore
1616 347 1740 405 sine
1763 344 1882 404 ullo
1902 391 1919 420 ‚

409 434 695 493 flammeus
717 439 809 490 est
832 429 1169 508 plerumque
1196 428 1361 487 colos
1386 438 1444 488 et
1468 428 1803 507 splendidus
1825 427 1988 502 ollis.

410 520 543 596 quin
573 517 742 576 etiam
762 513 906 573 solis
927 511 1000 574 ue
1024 510 1234 572 lumine
1258 510 1431 572 multa
1459 522 1767 573 necessest

279 613 384 663 210
407 601 714 679 concipere
733 643 749 674 ‚
774 605 834 656 ut
858 596 1058 656 merito
1080 595 1320 655 rubeant
1342 597 1626 674 ignesque
1648 596 2009 675 profundant.

408 684 584 744 hasce
605 684 776 759 igitur
802 698 928 740 cum
953 688 1153 738 ventus
1176 696 1356 755 agens
1381 682 1657 741 contrusit
1678 683 1733 739 in
1757 698 1927 740 unum

413 766 867 846 compressitque
892 761 1082 822 loc'um
1105 780 1324 839 cogens
1344 809 1361 839 ‚
1389 782 1670 842 expressa
1696 763 2042 843 profundunt

415 852 627 911 semina
643 895 659 926 ‚
684 865 829 927 quae
853 847 1064 907 faciunt
1088 845 1337 907 flammae
1362 846 1589 925 fulgore
1615 848 1865 909 colores.

415 933 582 1011 fulgit
605 935 771 1010 item,
807 949 933 991 cum
959 939 1258 1003 rarescunt
1287 948 1517 1009 quoque
1540 931 1731 991 nubila
1754 930 1916 991 caeli.

279 1028 381 1080 215
406 1036 530 1077 nam
555 1035 681 1076 cum
707 1024 912 1075 ventus
935 1033 1033 1075 eas
1059 1014 1267 1074 feviter
1290 1013 1711 1075 diducit-euntis
1817 1019 1828 1026 '

414 1100 788 1178 dissoluitque
805 1144 822 1176 ‚
852 1097 1048 1159 cadant
1072 1089 1310 1175 ingratis
1332 1097 1429 1157 illa
1449 1107 1758 1160 necessest

410 1185 621 1245 semina
647 1202 791 1263 quae
820 1183 1032 1242 faciunt
1054 1179 1369 1259 fulgorem:
1391 1191 1506 1242 tum
1530 1185 1654 1244 sine
1684 1194 1870 1243 taetro

411 1277 630 1329 terrore
655 1277 713 1328 et
743 1268 929 1328 sonitu
954 1263 1120 1346 fulgit
1142 1264 1418 1342 nulloque
1443 1266 1701 1327 tumultu.

497 1351 663 1424 Quod
684 1359 985 1430 superest,
1012 1351 1181 1428 quali
1204 1358 1397 1409 natura
1427 1350 1679 1429 praedita
1704 1361 1969 1411 constent

285 1446 390 1497 220
414 1436 640 1498 fulmina
656 1482 673 1512 ‚
698 1434 987 1495 declarant
1009 1437 1125 1494 ictu
1150 1436 1274 1495 eius
1296 1436 1481 1494 inusta
1499 1437 1730 1513 vaporis

412 1521 572 1597 signa
593 1527 877 1597 notaeque
905 1518 1095 1595 gravis
1117 1516 1357 1577 halantis
1379 1517 1629 1597 sulpuris
1651 1535 1845 1579 auras:

412 1605 559 1680 ignis
584 1604 731 1663 enim
753 1610 883 1661 sunt
907 1602 1053 1662 haec
1081 1619 1197 1661 non
1219 1604 1373 1661 venti
1397 1604 1560 1690 signa
1580 1620 1770 1681 neque
1790 1603 2008 1664 imbris.

413 1696 711 1766 praeterea
734 1704 911 1765 saepe
935 1685 1255 1745 accendunt
1278 1693 1509 1765 quoque
1532 1696 1686 1746 tecta
1711 1686 2003 1745 domorum

413 1780 472 1830 et
496 1770 674 1830 celeri
698 1769 911 1829 flamma
935 1768 1285 1830 dominantur
1301 1772 1358 1827 in
1381 1769 1616 1831 aedibus
1642 1772 1802 1849 ipsis.

284 1863 384 1916 225
407 1855 559 1915 hunc
580 1855 681 1915 tibi
704 1852 970 1915 subtilem
994 1870 1119 1913 cum
1141 1854 1336 1932 primis
1360 1854 1588 1931 ignibus
1611 1857 1802 1933 ignem

414 1939 701 1999 constituit
723 1948 916 1997 natura
938 1939 1161 1997 minutis
1183 1938 1605 2018 mobilibusque

416 2022 751 2100 corporibus
772 2067 790 2099 ,
819 2022 909 2082 cui
926 2021 1006 2080 nil
1028 2023 1253 2088 omnino
1277 2021 1564 2082 obsistere
1583 2024 1786 2100 possit.
1806 2077 1819 2081 ,

412 2107 609 2166 transit
634 2107 781 2166 enim
802 2104 1046 2165 validum
1067 2104 1281 2165 fulmen
1310 2106 1441 2184 [per
1463 2115 1627 2185 septa
1652 2106 1941 2166 domorum

416 2188 629 2249 clamor
650 2198 710 2249 ut
731 2207 799 2249 ac
821 2206 1002 2250 voces
1025 2189 1247 2267 transit]
1277 2207 1384 2268 per
1406 2207 1540 2249 saxa
1556 2235 1574 2267 ‚
1599 2208 1708 2269 per
1728 2209 1878 2250 aera.

284 2281 387 2334 230
418 2281 476 2331 et
498 2272 768 2350 liquidum
790 2283 1004 2350 puncto
1023 2272 1161 2333 facit
1184 2291 1284 2333 aes
1306 2275 1361 2332 in
1385 2282 1645 2352 tempore
1670 2284 1727 2334 et
1749 2292 1942 2334 aurum
1957 2318 1975 2350 ‚

296 2374 298 2376 ·
416 2364 572 2415 curat
593 2359 728 2416 item
746 2364 815 2417 ut
833 2358 984 2418 vasis
1007 2357 1247 2434 integris
1271 2358 1400 2416 vina
1418 2366 1659 2436 repente

414 2439 735 2519 diffugiant,
762 2442 923 2519 quia,
949 2443 1203 2500 nimirum
1220 2486 1238 2519 ,
1264 2440 1434 2501 facile
1460 2444 1642 2501 omnia
1667 2445 1879 2504 circum

415 2523 676 2585 conlaxat
696 2529 945 2602 rareque
963 2524 1098 2584 facit
1121 2524 1446 2586 lateramina
1466 2527 1619 2586 vasis

414 2608 722 2669 adveniens
748 2608 905 2668 calor
930 2611 1053 2668 eius
1070 2654 1086 2684 ,
1113 2617 1172 2668 et
1195 2611 1504 2670 insinuatus
1527 2610 1584 2668 in
1606 2609 1790 2687 ipsum

285 2699 386 2752 235
414 2692 700 2752 mobiliter
722 2692 958 2753 soluens
982 2691 1168 2752 differt
1190 2692 1493 2770 primordia
1515 2694 1645 2752 vini.

410 2775 563 2854 quod
588 2775 729 2836 solis
750 2794 929 2855 vapor
950 2785 1190 2836 aetatem
1214 2794 1327 2836 non
1359 2794 1537 2855 posse
1566 2777 1789 2836 videtur

412 2858 650 2919 efficere
673 2877 856 2936 usque
878 2859 1023 2919 adeo
1048 2859 1276 2936 pollens
1300 2860 1530 2920 fervore
1565 2877 1829 2921 corusco

409 2950 564 3002 tanto
588 2942 853 3003 mobilior
876 2945 963 3004 vis
991 2953 1049 3003 et
1078 2942 1449 3003 dominantior
1468 2943 1614 3004 haec
1643 2955 1750 3004 est.

493 3025 658 3086 Nunc
681 3045 749 3087 ea
774 3044 886 3104 quo
911 3036 1081 3105 pacto
1109 3029 1411 3105 gignantur
1432 3037 1490 3087 et
1511 3028 1723 3106 impete
1752 3037 1907 3086 tanto

253 3174 256 3177 A
282 3117 387 3170 240
408 3111 539 3170 liant
561 3119 621 3169 ut
644 3113 866 3188 possint
888 3110 1005 3169 ictu
1028 3110 1352 3171 discludere
1375 3113 1543 3171 turris
1559 3157 1576 3187 ‚

412 3191 726 3252 disturbare
751 3192 949 3254 domos
964 3238 982 3270 ‚
1007 3193 1260 3253 avellere
1283 3196 1437 3271 tigna
1459 3194 1770 3273 trabesque
1789 3241 1805 3270 ‚

412 3284 469 3333 et
493 3273 733 3333 lamenta
756 3277 934 3335 virum
958 3277 1268 3336 commoliri
1291 3287 1462 3356 atque
1488 3279 1644 3337 ciere
1660 3324 1677 3354 ‚

412 3358 727 3415 exanimare
750 3356 1004 3418 homInes
1022 3403 1040 3435 ‚
1063 3359 1322 3438 pecudes
1345 3371 1715 3437 prosternere
1739 3363 1953 3440 passim
1967 3405 1985 3436 ‚

415 3446 606 3497 cetera
630 3438 701 3497 de
726 3457 941 3514 genere
965 3440 1078 3500 hoc
1103 3460 1210 3520 qua
1233 3444 1289 3501 vi
1312 3443 1505 3502 facere
1535 3447 1717 3503 omnia
1741 3447 2004 3523 possint,
