2409 3825
322 130 411 198 86
611 122 616 127 ’
844 141 990 192 xxr.
1064 139 1161 193 ns
1203 139 1523 191 amemus.
1570 136 1619 189 1.
1661 137 1714 189 2.

828 381 1023 457 xxl.
1125 381 1255 455 DE
1314 326 1743 456 nmmos.

257 536 292 600 l
491 530 581 599 Hi
624 531 757 598 fere
801 531 1066 598 fuerunt
1108 528 1387 596 Graecae
1441 529 1653 616 gentis
1696 529 1917 615 duces,
1962 531 2076 616 qui
2126 552 2258 596 me·
2360 562 2366 577 ν

326 616 533 685 moria
586 616 769 704 digni
823 615 1189 699 videantur,
1289 617 1505 681 raeter
1541 635 1758 700 reges:
1810 636 2090 701 namque
2146 637 2260 683 eos

326 702 645 789 attingere
686 699 1013 767 noluimus
1023 749 1045 785 ,
1096 636 1289 786 quod1
1326 699 1616 764 omnium
1673 721 1774 765 res
1815 704 2037 786 gestae
2080 722 2262 785 sepa-

326 787 519 854 ratim
572 789 725 853 sunt
765 783 1022 849 relatae.
1106 804 1318 868 neque
1366 787 1586 849 tamen
1628 784 1677 847 ii
1719 783 2061 850 admodum
2106 788 2264 851 sunt

266 885 300 937 2
330 871 536 938 multi.
610 867 1152 935 Lacedaemonius
1195 871 1411 933 autem
1439 868 1780 954 Agesilaus
1807 869 2093 953 nomine,
2121 890 2266 935 non

326 956 646 1042 potestate
690 953 818 1018 fuit
844 974 976 1036 rex,
1019 952 1188 1017 sicut
1229 952 1424 1018 ceteri
1454 949 1773 1036 Spartani.
1847 954 1941 1018 ex*
1967 952 2048 1021 iis
2081 975 2262 1036 vero,

369 1039 438 1107 ui
505 1037 904 1103 dominatum
957 1037 1048 1102 im
1094 1036 1228 1102 erio
1297 1040 1673 1121 tenuerunt,
1738 1037 2265 1103 excellentissimi

356 1125 588 1189 uerunt
674 1125 748 1187 ut
798 1142 920 1187 nos
961 1059 1316 1188 iudicamus
1330 1169 1350 1204 ,
1393 1119 1733 1186 Persarum
1775 1121 1978 1205 Cyrus
2021 1125 2087 1187 et
2129 1120 2263 1187 Da-

323 1207 490 1358 {322
504 1170 1095 1377 ,masma
1110 1205 2263 1374 awsssssrssmsssssffi

326 1380 506 1463 getas
548 1375 620 1442 in
661 1372 908 1461 pro‘elio
952 1310 1211 1458 cecidit,
1252 1371 1489 1440 Darius
1524 1377 1851 1440 senectute
1892 1373 2064 1441 diem
2092 1374 2263 1441 obiit

266 1471 299 1524 8
329 1481 715 1548 supremum.
786 1462 916 1526 tres
944 1462 1097 1524 sunt
1135 1460 1468 1543 praeterea
1495 1457 1778 1535 eiusdem
1807 1459 2053 1544 gentis:
2096 1457 2262 1525 Xer·

325 1566 437 1613 xes
481 1549 547 1611 et
573 1544 700 1611 duo
729 1545 1139 1627 Artaxerxae,
1170 1540 1533 1607 Macrochir
1561 1545 1946 1628 cognomine
1981 1547 2048 1608 et
2074 1541 2263 1609 Mne·

325 1651 497 1697 mon.
582 1627 781 1695 Xerxi
809 1627 1083 1693 maxime
1127 1629 1227 1692 est
1265 1626 1533 1711 illustre,
1577 1626 1751 1712 quod
1784 1628 2078 1694 maximis
2108 1632 2264 1712 post

323 1713 662 1781 hominum
689 1712 1063 1779 memoriam
1092 1710 1475 1777 exercitibus
1502 1715 1675 1779 terra
1700 1713 1864 1776 mari
1910 1733 1990 1778 ue
2014 1712 2262 1779 bellum

264 1811 301 1861 4
327 1798 552 1865 intulit
580 1796 903 1865 Graeciae.
975 1799 1043 1862 at
1069 1794 1434 1862 Macrochir
1458 1796 1869 1881 praecipuam
1943 1797 2096 1862 abet
2121 1797 2260 1863 lau-

326 1884 472 1949 dem
514 1880 944 1967 amplissimae
998 1878 1591 1967 pulcherrimaeque
1644 1881 1933 1966 corporis
1987 1880 2259 1967 formae,

368 1988 519 2034 uam
560 1964 921 2036 incredibili
965 1965 1221 2044 ornavit
1274 1964 1511 2031 virtute
1565 1965 1749 2031 belli:
1806 1988 2084 2052 namque
2142 1967 2259 2033 illo

381 2070 552 2117 erses
615 2071 805 2117 nemo
873 2071 1071 2116 manu
1135 2049 1264 2115 fuit
1315 2048 1565 2116 fortior.
1663 2048 1974 2116 Mnemon
2040 2054 2263 2120 autem

322 2135 607 2202 iustitiae
649 2136 824 2200 fama
859 2135 1093 2201 floruit.
1179 2155 1335 2199 nam
1376 2154 1523 2212 cnm
1555 2134 1779 2202 matris
1822 2156 1974 2201 suae
2016 2136 2262 2201 scelere

324 2219 642 2286 amisisset
693 2239 985 2302 uxorem,
1039 2221 1295 2286 tantum
1357 2217 1627 2283 indulsit
1671 2217 1917 2303 dolori,
1980 2222 2055 2285 ut
2107 2241 2263 2285 eum

264 2301 931 2453 ‘amasa
975 2301 2260 2456 {werza&aestimas

325 2470 649 2558 praefecto
693 2470 864 2536 ferro
909 2455 1334 2555 interemptus
1378 2474 1492 2537 est.

127 2629 134 2638 .
252 2554 294 2620 2
492 2554 594 2621 Ex
647 2553 1072 2621 Macedonum
1126 2559 1342 2623 autem
1399 2558 1593 2642 gente
1648 2555 1775 2623 duo
1829 2557 2035 2623 multo
2092 2562 2259 2623 cete·

324 2660 432 2707 ros
475 2643 952 2707 antecesserunt
993 2660 1208 2706 rerum
1252 2643 1578 2726 gestarum
1612 2641 1848 2727 gloria:
1892 2640 2256 2725 Philippus,

324 2726 647 2809 Amyntae
690 2724 861 2789 filius
925 2726 991 2789 et
1033 2722 1399 2789 Alexander
1440 2723 1735 2810 Magnus.
1824 2725 2057 2791 horum
2094 2726 2261 2791 alter

325 2807 661 2892 Babylone
713 2774 939 2875 morbo
998 2813 1416 2892 consumptus
1460 2812 1585 2892 est,
1643 2808 1985 2893 Philippus
2030 2811 2259 2896 Aegiis
2364 2823 2365 2828 ’

327 2913 365 2957 a
406 2890 757 2976 Pausania,
813 2913 958 2984 Q
1002 2895 1358 2976 spectatum
1408 2892 1593 2958 ludos
1648 2894 1773 2958 iret
1857 2894 2037 2959 iuxta
2078 2894 2259 2961 thea-

264 2989 296 3039 2
327 2980 499 3043 trum
544 2976 788 3043 occisus
832 2980 944 3042 est.
1030 2997 1198 3041 unus
1240 2976 1559 3061 Epirotes,
1604 2943 1910 3063 Pyrrhus,
1954 2979 2067 3062 qui
2110 3001 2257 3045 cum

322 3061 566 3144 populo
632 3059 927 3127 Romano
990 3059 1274 3126 bellavit.
1373 3060 1429 3126 is
1487 3082 1632 3159 Q
1675 3064 1889 3147 Argos
1949 3062 2257 3161 oppidum

325 3144 869 3292 ορρυᾶῗατεὲὸριι
931 3142 1088 3208 Pelo
1138 3166 1382 3244 onneso
1394 3194 1414 3230 ,
1481 3145 1692 3243 lapide
1761 3146 1925 3212 ictus
1988 3148 2253 3214 interiit.
2363 3149 2365 3208 ἰ

324 3227 1921 3406 3312¹23mb01¹15uss¹333ms¹335¹23pfffiuossffiss
1953 3234 2258 3399 θῖμᾚὲ

326 3400 463 3445 non
502 3383 690 3451 facile
734 3395 1051 3472 reperitur
1064 3441 1083 3475 ,
1129 3395 1394 3461 minime
1437 3395 1817 3464 libidinosus
1831 3449 1850 3484 ,
1895 3420 2031 3465 non
2074 3399 2257 3467 luxu-
