2409 3825
259 208 303 271 8
1242 216 1269 275 1

411 375 711 439 arboribus
729 423 748 455 ‚
777 387 1045 438 crescunt
1069 378 1233 456 ipsae
1257 373 1492 457 fetuque
1514 389 1848 457 gravantur:

411 460 544 522 binc
566 460 732 522 alitur
751 478 927 541 porro
949 470 1202 522 nostrum
1225 479 1409 539 genus
1433 472 1604 542 atque
1625 464 1900 527 ferarum:
2003 475 2024 481 “

280 553 386 610 2δό
412 544 544 606 binc
567 545 746 607 laetas
773 545 943 605 urbes
968 547 1162 624 pueris
1181 544 1391 606 florere
1412 547 1669 609 videmus
1687 593 1705 626 ‚

412 628 869 708 frondiferasque
890 630 1055 689 novis
1076 630 1277 689 avibus
1302 648 1508 692 canere
1532 631 1778 711 undique
1801 632 2011 695 silvas:

411 713 543 774 binc
568 713 759 775 fessae
783 712 1040 792 pecudes
1065 714 1262 791 pingui
1285 731 1392 792 per
1412 714 1620 792 pabula
1639 714 1790 776 laeta

416 814 660 876 corpora
683 796 1005 876 deponunt,
1031 804 1090 856 et
1116 796 1363 858 candens
1386 797 1607 859 lacteus
1630 816 1792 860 umor

412 881 685 942 uberibus
707 889 888 941 manat
912 879 1171 941 distentis
1182 902 1203 940 -z
1237 881 1369 941 binc
1389 899 1537 943 nova
1558 882 1755 962 proles

282 972 390 1030 260
417 964 649 1025 artubus
673 965 905 1024 infirmis
935 974 1160 1024 teneras
1188 964 1404 1026 lasciva
1429 983 1535 1044 per
1556 967 1764 1028 herbas

411 1048 552 1109 ludit
575 1046 723 1108 lacte
747 1066 904 1108 mero
927 1056 1146 1109 mentes
1170 1048 1440 1127 perculsa
1460 1049 1737 1110 novellas.

412 1131 561 1193 baud
582 1133 754 1211 igitur
774 1134 1001 1210 penitus
1025 1142 1268 1210 pereunt
1292 1151 1685 1212 quaecumque
1710 1134 1998 1206 videntum.

415 1215 638 1296 quando
662 1214 774 1276 alid
798 1234 872 1275 ex
892 1216 1002 1276 alio
1027 1217 1211 1276 reiicit
1231 1224 1427 1276 natura
1442 1264 1460 1295 ,
1486 1236 1596 1277 nec
1621 1217 1791 1278 ullam

413 1317 535 1361 rem
556 1300 711 1377 gigni
735 1301 942 1379 patitur
957 1347 975 1378 ‚
999 1301 1107 1361 nisi
1137 1309 1319 1360 morte
1342 1300 1528 1361 adiuta
1545 1300 1744 1362 aliena.

282 1393 387 1448 265
504 1382 669 1443 Nunc
699 1402 808 1462 age
827 1430 845 1461 ‚
868 1402 963 1445 res
988 1386 1249 1463 quoniam
1271 1384 1440 1445 docui
1462 1402 1574 1446 non
1594 1403 1774 1464 posse
1799 1387 1983 1448 creari

415 1468 488 1529 de
508 1466 629 1528 nilo
652 1486 839 1547 neque
864 1469 999 1528 item
1021 1470 1245 1546 genitas
1267 1467 1338 1528 ad
1357 1467 1436 1529 nil
1459 1473 1719 1530 revocari
1735 1515 1756 1548 ,

410 1571 485 1613 ne
511 1570 619 1631 qua
641 1552 788 1612 forte
811 1560 997 1612 tamen
1021 1561 1263 1631 coeptes
1288 1552 1545 1614 diffidere
1576 1553 1741 1614 dictis
1759 1598 1779 1631 ,

413 1636 571 1716 quod'
588 1645 877 1715 nequeunt
905 1635 1087 1696 oculis
1109 1655 1298 1696 rerum
1322 1636 1623 1714 primordia
1646 1639 1801 1697 cerni
1818 1682 1838 1715 ,

412 1722 615 1800 accipe
642 1730 943 1799 praeterea
962 1739 1108 1799 quae
1134 1738 1376 1800 corpora
1396 1729 1518 1781 tute
1538 1730 1845 1783 necessest

280 1812 386 1868 270
421 1805 728 1867 confiteare
752 1823 885 1864 esse
911 1806 965 1862 in
983 1804 1156 1864 rebus
1181 1823 1292 1863 nec
1315 1822 1493 1883 posse
1514 1803 1714 1865 videri.

415 1889 693 1968 principio
716 1889 870 1948 venti
893 1888 979 1947 vis
1003 1888 1273 1947 verberat
1293 1888 1462 1947 incita
1485 1898 1719 1965 pontum

413 1973 773 2050 ingentisque
797 1972 904 2030 ruit
926 1971 1083 2030 navis
1108 1980 1166 2029 et
1186 1969 1375 2030 nubila
1400 1970 1586 2029 differt
1604 2016 1622 2047 ,

413 2054 691 2116 interdum
711 2053 907 2132 rapido
932 2070 1276 2131 percurrens
1298 2053 1521 2113 turbine
1546 2070 1779 2131 campos

413 2139 707 2200 arboribus
730 2138 944 2214 magnis
970 2138 1168 2197 sternit
1188 2137 1508 2214 montisque
1530 2144 1828 2213 supremos

282 2229 386 2286 275
415 2221 719 2298 silvifragis
743 2218 914 2281 vexat
935 2220 1156 2281 flabris:
1189 2223 1265 2280 ita
1286 2219 1525 2299 perfurit
1547 2222 1663 2280 aeri

417 2324 543 2367 cum
566 2304 790 2364 fremitu
810 2305 1105 2382 saevitque
1128 2305 1331 2364 minaci
1355 2321 1634 2364 murmure
1666 2314 1888 2367 ventus.

394 2396 544 2450 'sunt
565 2388 736 2466 igitur
755 2390 940 2464 venti,
965 2389 1250 2467 nimirum,
1276 2404 1518 2467 corpora
1546 2406 1718 2449 caeca
1734 2435 1753 2467 ‚

416 2490 561 2551 quae
578 2490 730 2531 mare
750 2518 766 2548 ‚
793 2490 936 2551 quae
960 2481 1140 2533 terras
1155 2518 1173 2549 ‚
1201 2490 1345 2550 quae
1371 2472 1615 2552 denique
1646 2473 1834 2533 nubila
1858 2471 2004 2535 caeli

413 2564 645 2617 verrunt
664 2573 731 2615 ae
753 2556 941 2616 subito
966 2557 1225 2616 vexantia
1244 2557 1469 2618 turbine
1490 2565 1740 2636 raptant,

278 2649 384 2704 280
408 2660 519 2700 nec
540 2641 756 2700 ratione
780 2638 954 2700 fluunt
975 2639 1082 2699 alia
1103 2641 1466 2719 stragemque
1490 2651 1838 2719 propagant,

415 2733 475 2785 et
499 2742 625 2784 cum
644 2723 840 2784 'mollis
864 2742 1042 2802 aquae
1066 2723 1248 2783 fertur
1263 2734 1458 2783 natura
1484 2733 1725 2803 repente

416 2808 641 2868 flumine
664 2808 997 2884 abundanti,
1023 2825 1187 2885 quam
1216 2807 1392 2884 largis
1414 2807 1686 2867 imbribus
1719 2819 1890 2886 auget

415 2891 696 2952 montibus
721 2910 794 2952 ex
812 2891 940 2951 altis
963 2909 1197 2967 magnus
1229 2890 1504 2951 decursus
1530 2893 1724 2970 aquai,

414 2975 685 3052 fragmina
709 2976 996 3034 coniciens
1018 2974 1283 3035 silvarum
1303 2975 1642 3053 arbustaque
1665 2984 1781 3035 tota
1796 3021 1813 3051 ‚

277 3069 383 3123 285
410 3076 522 3118 nec
542 3057 711 3117 validi
734 3068 971 3136 possunt
994 3067 1198 3136 pontes
1223 3059 1501 3119 venientis
1532 3060 1694 3136 aquai

415 3142 529 3200 vim
550 3141 786 3201 subitam
812 3140 1082 3201 tolerare:
1102 3144 1177 3201 ita
1198 3158 1403 3218 magno
1427 3140 1681 3202 turbidus
1705 3142 1867 3202 imbri

415 3223 660 3285 molibus
681 3226 910 3284 incurrit
926 3269 944 3300 ,
968 3223 1167 3285 validis
1194 3244 1321 3284 cum
1345 3225 1558 3284 viribus
1575 3270 1591 3302 ‚
1616 3227 1791 3285 amnis
1809 3270 1827 3301 ,

416 3306 508 3367 dat
534 3307 720 3367 sonitu
742 3317 946 3385 magno
971 3317 1216 3386 stragem
1237 3355 1254 3385 ,
1279 3307 1572 3386 volvitque
1600 3308 1707 3367 sub
1730 3308 1895 3369 undis

414 3391 644 3469 grandia
666 3408 796 3450 saxa
815 3436 831 3466 ,
866 3401 1028 3449 ruunt
1053 3410 1196 3469 quae
1223 3390 1491 3470 quidquid
1515 3389 1781 3451 fluctibus
1806 3394 2011 3452 obstat.

280 3482 388 3538 290
417 3475 499 3534 sic
526 3474 692 3550 igitur
715 3474 923 3533 debent
959 3476 1107 3532 venti
1138 3492 1365 3553 quoque
1391 3474 1603 3533 flamina
1633 3474 1800 3550 ferri,
