<?xml version="1.0" encoding="UTF-8"?>
<!DOCTYPE html PUBLIC "-//W3C//DTD XHTML 1.0 Transitional//EN"
    "http://www.w3.org/TR/xhtml1/DTD/xhtml1-transitional.dtd">
<html xmlns="http://www.w3.org/1999/xhtml" xml:lang="en" lang="en">
 <head>
  <title>
</title>
<meta http-equiv="Content-Type" content="text/html;charset=utf-8" />
  <meta name='ocr-system' content='tesseract 3.04.00' />
  <meta name='ocr-capabilities' content='ocr_page ocr_carea ocr_par ocr_line ocrx_word'/>
</head>
<body>
  <div class='ocr_page' id='page_1' title='image "./tlucreticarider01unkngoog_0033.png"; bbox 0 0 2409 3825; ppageno 0'>
   <div class='ocr_carea' id='block_1_1' title="bbox 1150 171 2162 234">
    <p class='ocr_par' dir='ltr' id='par_1_1' title="bbox 1150 171 2162 234">
     <span class='ocr_line' id='line_1_1' title="bbox 1150 171 2162 234; baseline 0.004 -4"><span class='ocrx_word' id='word_1_1' title='bbox 1150 171 1177 230; x_wconf 95' lang='lat' dir='ltr'>I</span> <span class='ocrx_word' id='word_1_2' title='bbox 2084 171 2162 234; x_wconf 74' lang='lat'><strong>13</strong></span> 
     </span>
    </p>
   </div>
   <div class='ocr_carea' id='block_1_2' title="bbox 170 335 2150 3517">
    <p class='ocr_par' dir='ltr' id='par_1_2' title="bbox 321 335 1842 503">
     <span class='ocr_line' id='line_1_2' title="bbox 321 335 1841 420; baseline 0 -20"><span class='ocrx_word' id='word_1_3' title='bbox 321 350 384 401; x_wconf 85' lang='lat' dir='ltr'><strong>at</strong></span> <span class='ocrx_word' id='word_1_4' title='bbox 406 340 604 402; x_wconf 82' lang='lat' dir='ltr'><strong>facere</strong></span> <span class='ocrx_word' id='word_1_5' title='bbox 634 348 692 399; x_wconf 86' lang='lat' dir='ltr'><strong>et</strong></span> <span class='ocrx_word' id='word_1_6' title='bbox 716 338 874 417; x_wconf 81' lang='lat' dir='ltr'><strong>fungi</strong></span> <span class='ocrx_word' id='word_1_7' title='bbox 899 335 1294 420; x_wconf 72' lang='lat' dir='ltr'><strong>sine&#39;corpore</strong></span> <span class='ocrx_word' id='word_1_8' title='bbox 1325 337 1476 399; x_wconf 78' lang='lat' dir='ltr'><strong>nuila</strong></span> <span class='ocrx_word' id='word_1_9' title='bbox 1500 347 1693 418; x_wconf 84' lang='lat' dir='ltr'><strong>potest</strong></span> <span class='ocrx_word' id='word_1_10' title='bbox 1714 357 1841 416; x_wconf 78' lang='lat' dir='ltr'><strong>res,</strong></span> 
     </span>
     <span class='ocr_line' id='line_1_3' title="bbox 321 421 1842 503; baseline -0.001 -20"><span class='ocrx_word' id='word_1_11' title='bbox 321 443 438 485; x_wconf 88' lang='lat' dir='ltr'><strong>nec</strong></span> <span class='ocrx_word' id='word_1_12' title='bbox 461 423 744 503; x_wconf 85' lang='lat' dir='ltr'><strong>praebere</strong></span> <span class='ocrx_word' id='word_1_13' title='bbox 767 421 959 483; x_wconf 86' lang='lat' dir='ltr'><strong>locum</strong></span> <span class='ocrx_word' id='word_1_14' title='bbox 983 437 1156 500; x_wconf 90' lang='lat' dir='ltr'><strong>porro</strong></span> <span class='ocrx_word' id='word_1_15' title='bbox 1178 423 1285 481; x_wconf 87' lang='lat' dir='ltr'><strong>nisi</strong></span> <span class='ocrx_word' id='word_1_16' title='bbox 1308 424 1470 483; x_wconf 88' lang='lat' dir='ltr'><strong>inane</strong></span> <span class='ocrx_word' id='word_1_17' title='bbox 1498 440 1842 501; x_wconf 82' lang='lat' dir='ltr'><strong>vacansque.</strong></span> 
     </span>
    </p>

    <p class='ocr_par' dir='ltr' id='par_1_3' title="bbox 173 508 1865 837">
     <span class='ocr_line' id='line_1_4' title="bbox 173 508 1742 586; baseline -0.003 -16"><span class='ocrx_word' id='word_1_18' title='bbox 173 516 291 570; x_wconf 76' lang='lat'><strong>445</strong></span> <span class='ocrx_word' id='word_1_19' title='bbox 324 525 469 585; x_wconf 82' lang='lat' dir='ltr'><strong>ergo</strong></span> <span class='ocrx_word' id='word_1_20' title='bbox 487 553 504 586; x_wconf 83' lang='lat'>,</span> <span class='ocrx_word' id='word_1_21' title='bbox 529 516 761 586; x_wconf 86' lang='lat' dir='ltr'><strong>praeter</strong></span> <span class='ocrx_word' id='word_1_22' title='bbox 781 508 946 566; x_wconf 89' lang='lat' dir='ltr'><strong>inane</strong></span> <span class='ocrx_word' id='word_1_23' title='bbox 981 515 1039 565; x_wconf 89' lang='lat' dir='ltr'><strong>et</strong></span> <span class='ocrx_word' id='word_1_24' title='bbox 1064 519 1305 584; x_wconf 88' lang='lat' dir='ltr'><strong>corpora</strong></span> <span class='ocrx_word' id='word_1_25' title='bbox 1321 552 1338 584; x_wconf 86' lang='lat'>,</span> <span class='ocrx_word' id='word_1_26' title='bbox 1362 508 1529 566; x_wconf 84' lang='lat' dir='ltr'><strong>tertia</strong></span> <span class='ocrx_word' id='word_1_27' title='bbox 1551 524 1662 585; x_wconf 91' lang='lat' dir='ltr'><strong>per</strong></span> <span class='ocrx_word' id='word_1_28' title='bbox 1678 524 1742 566; x_wconf 88' lang='lat' dir='ltr'><strong>se</strong></span> 
     </span>
     <span class='ocr_line' id='line_1_5' title="bbox 324 589 1768 669; baseline -0.002 -19"><span class='ocrx_word' id='word_1_29' title='bbox 324 591 479 650; x_wconf 85' lang='lat' dir='ltr'><strong>nulla</strong></span> <span class='ocrx_word' id='word_1_30' title='bbox 499 599 696 669; x_wconf 83' lang='lat' dir='ltr'><strong>potest</strong></span> <span class='ocrx_word' id='word_1_31' title='bbox 716 589 905 650; x_wconf 79' lang='lat' dir='ltr'><strong>rerum</strong></span> <span class='ocrx_word' id='word_1_32' title='bbox 928 591 985 647; x_wconf 91' lang='lat' dir='ltr'><strong>in</strong></span> <span class='ocrx_word' id='word_1_33' title='bbox 1008 606 1244 648; x_wconf 90' lang='lat' dir='ltr'><strong>numero</strong></span> <span class='ocrx_word' id='word_1_34' title='bbox 1276 599 1470 649; x_wconf 84' lang='lat' dir='ltr'><strong>natura</strong></span> <span class='ocrx_word' id='word_1_35' title='bbox 1489 589 1768 669; x_wconf 82' lang='lat' dir='ltr'>relinqui,</span> 
     </span>
     <span class='ocr_line' id='line_1_6' title="bbox 323 671 1865 772; baseline 0 -39"><span class='ocrx_word' id='word_1_36' title='bbox 323 693 435 734; x_wconf 87' lang='lat' dir='ltr'><strong>nec</strong></span> <span class='ocrx_word' id='word_1_37' title='bbox 457 692 603 772; x_wconf 80' lang='lat' dir='ltr'><strong>quae</strong></span> <span class='ocrx_word' id='word_1_38' title='bbox 630 675 737 734; x_wconf 89' lang='lat' dir='ltr'><strong>sub</strong></span> <span class='ocrx_word' id='word_1_39' title='bbox 757 692 962 734; x_wconf 90' lang='lat' dir='ltr'><strong>sensus</strong></span> <span class='ocrx_word' id='word_1_40' title='bbox 989 672 1149 733; x_wconf 82' lang='lat' dir='ltr'><strong>cadat</strong></span> <span class='ocrx_word' id='word_1_41' title='bbox 1176 671 1295 733; x_wconf 90' lang='lat' dir='ltr'><strong>ullo</strong></span> <span class='ocrx_word' id='word_1_42' title='bbox 1317 683 1578 753; x_wconf 88' lang='lat' dir='ltr'><strong>tempore</strong></span> <span class='ocrx_word' id='word_1_43' title='bbox 1600 678 1832 734; x_wconf 84' lang='lat' dir='ltr'><strong>nostros</strong></span> <span class='ocrx_word' id='word_1_44' title='bbox 1847 720 1865 752; x_wconf 83' lang='lat'><strong>‚</strong></span> 
     </span>
     <span class='ocr_line' id='line_1_7' title="bbox 327 759 1816 842; baseline 0 -26"><span class='ocrx_word' id='word_1_45' title='bbox 327 776 439 817; x_wconf 87' lang='lat' dir='ltr'><strong>nec</strong></span> <span class='ocrx_word' id='word_1_46' title='bbox 461 759 680 818; x_wconf 88' lang='lat' dir='ltr'><strong>ratione</strong></span> <span class='ocrx_word' id='word_1_47' title='bbox 711 759 873 826; x_wconf 82' lang='lat' dir='ltr'><strong>animi</strong></span> <span class='ocrx_word' id='word_1_48' title='bbox 896 773 1064 842; x_wconf 88' lang='lat' dir='ltr'><strong>quam</strong></span> <span class='ocrx_word' id='word_1_49' title='bbox 1088 759 1382 838; x_wconf 86' lang='lat' dir='ltr'><strong>quisquam</strong></span> <span class='ocrx_word' id='word_1_50' title='bbox 1408 759 1594 837; x_wconf 80' lang='lat' dir='ltr'><strong>possit</strong></span> <span class='ocrx_word' id='word_1_51' title='bbox 1619 760 1816 836; x_wconf 81' lang='lat' dir='ltr'><strong>apisci</strong></span> 
     </span>
    </p>

    <p class='ocr_par' dir='ltr' id='par_1_4' title="bbox 409 839 2040 921">
     <span class='ocr_line' id='line_1_8' title="bbox 409 839 2040 921; baseline 0.003 -21"><span class='ocrx_word' id='word_1_52' title='bbox 409 839 552 900; x_wconf 88' lang='lat' dir='ltr'><strong>Nam</strong></span> <span class='ocrx_word' id='word_1_53' title='bbox 577 859 720 921; x_wconf 87' lang='lat' dir='ltr'><strong>quae</strong></span> <span class='ocrx_word' id='word_1_54' title='bbox 745 859 987 919; x_wconf 89' lang='lat' dir='ltr'><strong>cumque</strong></span> <span class='ocrx_word' id='word_1_55' title='bbox 1013 840 1238 918; x_wconf 83' lang='lat' dir='ltr'><strong>cluent,</strong></span> <span class='ocrx_word' id='word_1_56' title='bbox 1267 851 1361 901; x_wconf 85' lang='lat' dir='ltr'><strong>aut</strong></span> <span class='ocrx_word' id='word_1_57' title='bbox 1383 841 1470 901; x_wconf 86' lang='lat' dir='ltr'><strong>his</strong></span> <span class='ocrx_word' id='word_1_58' title='bbox 1489 843 1800 901; x_wconf 77' lang='lat' dir='ltr'><strong>coniuncta</strong></span> <span class='ocrx_word' id='word_1_59' title='bbox 1825 841 2040 906; x_wconf 86' lang='lat' dir='ltr'><strong>duabus</strong></span> 
     </span>
    </p>

    <p class='ocr_par' dir='ltr' id='par_1_5' title="bbox 170 924 1814 1340">
     <span class='ocr_line' id='line_1_9' title="bbox 170 924 1713 992; baseline -0.001 -5"><span class='ocrx_word' id='word_1_60' title='bbox 170 934 294 988; x_wconf 83' lang='lat'><strong>450</strong></span> <span class='ocrx_word' id='word_1_61' title='bbox 321 924 498 985; x_wconf 89' lang='lat' dir='ltr'><strong>rebus</strong></span> <span class='ocrx_word' id='word_1_62' title='bbox 525 943 593 985; x_wconf 90' lang='lat' dir='ltr'><strong>ea</strong></span> <span class='ocrx_word' id='word_1_63' title='bbox 614 927 873 985; x_wconf 86' lang='lat' dir='ltr'><strong>invenies</strong></span> <span class='ocrx_word' id='word_1_64' title='bbox 903 934 996 985; x_wconf 89' lang='lat' dir='ltr'><strong>aut</strong></span> <span class='ocrx_word' id='word_1_65' title='bbox 1022 924 1223 984; x_wconf 90' lang='lat' dir='ltr'><strong>horum</strong></span> <span class='ocrx_word' id='word_1_66' title='bbox 1248 929 1452 992; x_wconf 83' lang='lat' dir='ltr'><strong>eventa</strong></span> <span class='ocrx_word' id='word_1_67' title='bbox 1472 925 1713 986; x_wconf 86' lang='lat' dir='ltr'><strong>videbis.</strong></span> 
     </span>
     <span class='ocr_line' id='line_1_10' title="bbox 327 1008 1814 1090; baseline -0.001 -22"><span class='ocrx_word' id='word_1_68' title='bbox 327 1009 690 1068; x_wconf 91' lang='lat' dir='ltr'><strong>coniunctum</strong></span> <span class='ocrx_word' id='word_1_69' title='bbox 714 1019 802 1069; x_wconf 87' lang='lat' dir='ltr'><strong>est</strong></span> <span class='ocrx_word' id='word_1_70' title='bbox 825 1009 879 1068; x_wconf 90' lang='lat' dir='ltr'><strong>id</strong></span> <span class='ocrx_word' id='word_1_71' title='bbox 905 1008 1054 1088; x_wconf 89' lang='lat' dir='ltr'><strong>quod</strong></span> <span class='ocrx_word' id='word_1_72' title='bbox 1078 1026 1351 1090; x_wconf 76' lang='lat' dir='ltr'><strong>nusquam</strong></span> <span class='ocrx_word' id='word_1_73' title='bbox 1375 1011 1498 1070; x_wconf 86' lang='lat' dir='ltr'><strong>sine</strong></span> <span class='ocrx_word' id='word_1_74' title='bbox 1522 1008 1814 1088; x_wconf 86' lang='lat' dir='ltr'><strong>perniciali</strong></span> 
     </span>
     <span class='ocr_line' id='line_1_11' title="bbox 325 1091 1588 1172; baseline 0 -21"><span class='ocrx_word' id='word_1_75' title='bbox 325 1091 568 1152; x_wconf 85' lang='lat' dir='ltr'><strong>discidio</strong></span> <span class='ocrx_word' id='word_1_76' title='bbox 591 1094 742 1171; x_wconf 90' lang='lat' dir='ltr'><strong>potis</strong></span> <span class='ocrx_word' id='word_1_77' title='bbox 769 1101 858 1152; x_wconf 86' lang='lat' dir='ltr'><strong>est</strong></span> <span class='ocrx_word' id='word_1_78' title='bbox 883 1094 1105 1170; x_wconf 83' lang='lat' dir='ltr'><strong>seiungi</strong></span> <span class='ocrx_word' id='word_1_79' title='bbox 1128 1109 1309 1172; x_wconf 86' lang='lat' dir='ltr'><strong>seque</strong></span> <span class='ocrx_word' id='word_1_80' title='bbox 1333 1095 1588 1172; x_wconf 61' lang='lat' dir='ltr'><strong>gregem</strong></span> 
     </span>
     <span class='ocr_line' id='line_1_12' title="bbox 326 1174 1694 1256; baseline 0 -21"><span class='ocrx_word' id='word_1_81' title='bbox 326 1174 552 1254; x_wconf 88' lang='lat' dir='ltr'><strong>pondus</strong></span> <span class='ocrx_word' id='word_1_82' title='bbox 579 1178 660 1235; x_wconf 87' lang='lat' dir='ltr'><strong>nti</strong></span> <span class='ocrx_word' id='word_1_83' title='bbox 683 1178 891 1254; x_wconf 83' lang='lat' dir='ltr'><strong>saxist,</strong></span> <span class='ocrx_word' id='word_1_84' title='bbox 923 1175 1079 1238; x_wconf 86' lang='lat' dir='ltr'><strong>calor</strong></span> <span class='ocrx_word' id='word_1_85' title='bbox 1097 1177 1280 1254; x_wconf 84' lang='lat' dir='ltr'><strong>ignis,</strong></span> <span class='ocrx_word' id='word_1_86' title='bbox 1305 1175 1495 1256; x_wconf 89' lang='lat' dir='ltr'><strong>liquor</strong></span> <span class='ocrx_word' id='word_1_87' title='bbox 1515 1178 1694 1256; x_wconf 82' lang='lat' dir='ltr'><strong>aquai.</strong></span> 
     </span>
     <span class='ocr_line' id='line_1_13' title="bbox 328 1260 1604 1340; baseline -0.001 -21"><span class='ocrx_word' id='word_1_88' title='bbox 328 1260 536 1337; x_wconf 86' lang='lat' dir='ltr'><strong>[tactus</strong></span> <span class='ocrx_word' id='word_1_89' title='bbox 562 1260 905 1339; x_wconf 75' lang='lat' dir='ltr'>corporibus</span> <span class='ocrx_word' id='word_1_90' title='bbox 923 1262 1140 1321; x_wconf 86' lang='lat' dir='ltr'><strong>cunetis</strong></span> <span class='ocrx_word' id='word_1_91' title='bbox 1167 1262 1406 1322; x_wconf 88' lang='lat' dir='ltr'><strong>intactus</strong></span> <span class='ocrx_word' id='word_1_92' title='bbox 1427 1260 1604 1340; x_wconf 81' lang='lat' dir='ltr'><strong>inani]</strong></span> 
     </span>
    </p>

    <p class='ocr_par' dir='ltr' id='par_1_6' title="bbox 170 1343 1810 1759">
     <span class='ocr_line' id='line_1_14' title="bbox 170 1343 1636 1425; baseline 0 -21"><span class='ocrx_word' id='word_1_93' title='bbox 170 1351 290 1404; x_wconf 83' lang='lat'><strong>455</strong></span> <span class='ocrx_word' id='word_1_94' title='bbox 322 1345 615 1405; x_wconf 81' lang='lat' dir='ltr'><strong>servitium</strong></span> <span class='ocrx_word' id='word_1_95' title='bbox 640 1353 868 1422; x_wconf 81' lang='lat' dir='ltr'><strong>contra,</strong></span> <span class='ocrx_word' id='word_1_96' title='bbox 896 1354 1234 1424; x_wconf 72' lang='lat' dir='ltr'><strong>paupertas,</strong></span> <span class='ocrx_word' id='word_1_97' title='bbox 1249 1343 1600 1425; x_wconf 81' lang='lat' dir='ltr'><strong>divitiaeque</strong></span> <span class='ocrx_word' id='word_1_98' title='bbox 1619 1390 1636 1422; x_wconf 87' lang='lat'>,</span> 
     </span>
     <span class='ocr_line' id='line_1_15' title="bbox 324 1425 1716 1508; baseline 0 -22"><span class='ocrx_word' id='word_1_99' title='bbox 324 1425 594 1506; x_wconf 83' lang='lat' dir='ltr'><strong>libertas,</strong></span> <span class='ocrx_word' id='word_1_100' title='bbox 620 1426 864 1506; x_wconf 80' lang='lat' dir='ltr'><strong>bellum,</strong></span> <span class='ocrx_word' id='word_1_101' title='bbox 896 1427 1233 1506; x_wconf 80' lang='lat' dir='ltr'><strong>eoncordia,</strong></span> <span class='ocrx_word' id='word_1_102' title='bbox 1260 1436 1456 1488; x_wconf 85' lang='lat' dir='ltr'><strong>cetera</strong></span> <span class='ocrx_word' id='word_1_103' title='bbox 1481 1446 1716 1508; x_wconf 90' lang='lat' dir='ltr'><strong>quorum</strong></span> 
     </span>
     <span class='ocr_line' id='line_1_16' title="bbox 325 1509 1634 1592; baseline 0.002 -22"><span class='ocrx_word' id='word_1_104' title='bbox 325 1509 569 1571; x_wconf 86' lang='lat' dir='ltr'><strong>adventu</strong></span> <span class='ocrx_word' id='word_1_105' title='bbox 591 1521 778 1572; x_wconf 88' lang='lat' dir='ltr'><strong>manet</strong></span> <span class='ocrx_word' id='word_1_106' title='bbox 801 1511 1096 1572; x_wconf 85' lang='lat' dir='ltr'><strong>incolumis</strong></span> <span class='ocrx_word' id='word_1_107' title='bbox 1120 1521 1314 1572; x_wconf 86' lang='lat' dir='ltr'><strong>natura</strong></span> <span class='ocrx_word' id='word_1_108' title='bbox 1335 1512 1601 1592; x_wconf 86' lang='lat' dir='ltr'><strong>abituque</strong></span> <span class='ocrx_word' id='word_1_109' title='bbox 1616 1558 1634 1589; x_wconf 83' lang='lat'>‚</span> 
     </span>
     <span class='ocr_line' id='line_1_17' title="bbox 323 1593 1729 1677; baseline 0.001 -24"><span class='ocrx_word' id='word_1_110' title='bbox 323 1593 470 1655; x_wconf 86' lang='lat' dir='ltr'><strong>haee</strong></span> <span class='ocrx_word' id='word_1_111' title='bbox 492 1594 653 1662; x_wconf 89' lang='lat' dir='ltr'><strong>soliti</strong></span> <span class='ocrx_word' id='word_1_112' title='bbox 671 1615 896 1673; x_wconf 83' lang='lat' dir='ltr'><strong>sumus,</strong></span> <span class='ocrx_word' id='word_1_113' title='bbox 921 1605 979 1655; x_wconf 91' lang='lat' dir='ltr'><strong>ut</strong></span> <span class='ocrx_word' id='word_1_114' title='bbox 977 1614 1127 1676; x_wconf 81' lang='lat' dir='ltr'><strong>par</strong></span> <span class='ocrx_word' id='word_1_115' title='bbox 1126 1605 1249 1677; x_wconf 86' lang='lat' dir='ltr'><strong>est,</strong></span> <span class='ocrx_word' id='word_1_116' title='bbox 1276 1605 1479 1656; x_wconf 86' lang='lat' dir='ltr'><strong>eventa</strong></span> <span class='ocrx_word' id='word_1_117' title='bbox 1500 1613 1729 1655; x_wconf 82' lang='lat' dir='ltr'><strong>vocare</strong></span> 
     </span>
     <span class='ocr_line' id='line_1_18' title="bbox 239 1673 1810 1759; baseline 0.002 -23.174"><span class='ocrx_word' id='word_1_118' title='bbox 239 1673 550 1757; x_wconf 62' lang='lat' dir='ltr'><strong>&#39;teinpus</strong></span> <span class='ocrx_word' id='word_1_119' title='bbox 578 1681 713 1748; x_wconf 86' lang='lat' dir='ltr'><strong>item</strong></span> <span class='ocrx_word' id='word_1_120' title='bbox 736 1698 844 1759; x_wconf 91' lang='lat' dir='ltr'><strong>per</strong></span> <span class='ocrx_word' id='word_1_121' title='bbox 865 1698 931 1742; x_wconf 89' lang='lat' dir='ltr'><strong>se</strong></span> <span class='ocrx_word' id='word_1_122' title='bbox 951 1697 1066 1757; x_wconf 89' lang='grc' dir='ltr'>ιιοιι</span> <span class='ocrx_word' id='word_1_123' title='bbox 1089 1690 1213 1758; x_wconf 84' lang='lat' dir='ltr'><strong>est,</strong></span> <span class='ocrx_word' id='word_1_124' title='bbox 1227 1678 1356 1743; x_wconf 84' lang='lat' dir='ltr'><strong>sed</strong></span> <span class='ocrx_word' id='word_1_125' title='bbox 1377 1680 1552 1739; x_wconf 87' lang='lat' dir='ltr'><strong>rebus</strong></span> <span class='ocrx_word' id='word_1_126' title='bbox 1575 1679 1685 1738; x_wconf 84' lang='lat' dir='ltr'><strong>ab</strong></span> <span class='ocrx_word' id='word_1_127' title='bbox 1668 1680 1810 1757; x_wconf 80' lang='lat' dir='ltr'><strong>ipsis</strong></span> 
     </span>
    </p>

    <p class='ocr_par' dir='ltr' id='par_1_7' title="bbox 176 1726 1860 2178">
     <span class='ocr_line' id='line_1_19' title="bbox 176 1726 1858 1843; baseline -0.002 -18"><span class='ocrx_word' id='word_1_128' title='bbox 176 1769 292 1825; x_wconf 83' lang='lat'><strong>460</strong></span> <span class='ocrx_word' id='word_1_129' title='bbox 322 1764 699 1842; x_wconf 76' lang='lat' dir='ltr'><strong>consequitur</strong></span> <span class='ocrx_word' id='word_1_130' title='bbox 710 1781 950 1841; x_wconf 80' lang='lat' dir='ltr'><strong>sensuS,</strong></span> <span class='ocrx_word' id='word_1_131' title='bbox 983 1726 1326 1824; x_wconf 80' lang='lat' dir='ltr'><strong>transactum</strong></span> <span class='ocrx_word' id='word_1_132' title='bbox 1353 1763 1484 1843; x_wconf 87' lang='lat' dir='ltr'><strong>quid</strong></span> <span class='ocrx_word' id='word_1_133' title='bbox 1508 1765 1584 1823; x_wconf 83' lang='lat' dir='ltr'><strong>sit</strong></span> <span class='ocrx_word' id='word_1_134' title='bbox 1602 1764 1657 1822; x_wconf 91' lang='lat' dir='ltr'><strong>in</strong></span> <span class='ocrx_word' id='word_1_135' title='bbox 1680 1778 1858 1840; x_wconf 79' lang='lat' dir='ltr'><strong>aevo,</strong></span> 
     </span>
     <span class='ocr_line' id='line_1_20' title="bbox 328 1846 1860 1928; baseline -0.001 -24"><span class='ocrx_word' id='word_1_136' title='bbox 328 1853 441 1904; x_wconf 90' lang='lat' dir='ltr'><strong>tum</strong></span> <span class='ocrx_word' id='word_1_137' title='bbox 465 1864 609 1926; x_wconf 85' lang='lat' dir='ltr'><strong>quae</strong></span> <span class='ocrx_word' id='word_1_138' title='bbox 631 1864 727 1907; x_wconf 87' lang='lat' dir='ltr'><strong>res</strong></span> <span class='ocrx_word' id='word_1_139' title='bbox 748 1849 921 1928; x_wconf 85' lang='lat' dir='ltr'><strong>instet</strong></span> <span class='ocrx_word' id='word_1_140' title='bbox 936 1846 1123 1927; x_wconf 76' lang='lat' dir='ltr'><strong>‚quid</strong></span> <span class='ocrx_word' id='word_1_141' title='bbox 1136 1864 1312 1928; x_wconf 78' lang='lat' dir='ltr'><strong>porro</strong></span> <span class='ocrx_word' id='word_1_142' title='bbox 1335 1846 1539 1907; x_wconf 86' lang='lat' dir='ltr'><strong>deinde</strong></span> <span class='ocrx_word' id='word_1_143' title='bbox 1563 1855 1860 1926; x_wconf 81' lang='lat' dir='ltr'><strong>sequatur:</strong></span> 
     </span>
     <span class='ocr_line' id='line_1_21' title="bbox 267 1925 1887 2011; baseline 0.003 -24.186"><span class='ocrx_word' id='word_1_144' title='bbox 267 1925 434 1989; x_wconf 63' lang='lat' dir='ltr'><strong>‘nec</strong></span> <span class='ocrx_word' id='word_1_145' title='bbox 455 1948 561 2008; x_wconf 87' lang='lat' dir='ltr'><strong>per</strong></span> <span class='ocrx_word' id='word_1_146' title='bbox 585 1949 651 1991; x_wconf 87' lang='lat' dir='ltr'><strong>se</strong></span> <span class='ocrx_word' id='word_1_147' title='bbox 678 1949 1010 2010; x_wconf 82' lang='lat' dir='ltr'><strong>quemquam</strong></span> <span class='ocrx_word' id='word_1_148' title='bbox 1033 1942 1259 2011; x_wconf 88' lang='lat' dir='ltr'><strong>tempus</strong></span> <span class='ocrx_word' id='word_1_149' title='bbox 1285 1934 1495 1993; x_wconf 83' lang='lat' dir='ltr'><strong>sentire</strong></span> <span class='ocrx_word' id='word_1_150' title='bbox 1501 1931 1887 1993; x_wconf 74' lang='lat' dir='ltr'><strong>fatendumst</strong></span> 
     </span>
     <span class='ocr_line' id='line_1_22' title="bbox 325 2015 1682 2097; baseline 0.003 -25"><span class='ocrx_word' id='word_1_151' title='bbox 325 2023 603 2074; x_wconf 86' lang='lat' dir='ltr'><strong>semotum</strong></span> <span class='ocrx_word' id='word_1_152' title='bbox 627 2015 695 2074; x_wconf 86' lang='lat' dir='ltr'><strong>ab</strong></span> <span class='ocrx_word' id='word_1_153' title='bbox 719 2032 907 2075; x_wconf 88' lang='lat' dir='ltr'><strong>rernm</strong></span> <span class='ocrx_word' id='word_1_154' title='bbox 929 2025 1084 2076; x_wconf 88' lang='lat' dir='ltr'><strong>motu</strong></span> <span class='ocrx_word' id='word_1_155' title='bbox 1108 2015 1446 2097; x_wconf 85' lang='lat' dir='ltr'><strong>placidaque</strong></span> <span class='ocrx_word' id='word_1_156' title='bbox 1473 2019 1682 2096; x_wconf 87' lang='lat' dir='ltr'><strong>quiete.</strong></span> 
     </span>
     <span class='ocr_line' id='line_1_23' title="bbox 325 2094 1776 2178; baseline 0.003 -23"><span class='ocrx_word' id='word_1_157' title='bbox 325 2094 571 2176; x_wconf 83' lang='lat' dir='ltr'><strong>denique</strong></span> <span class='ocrx_word' id='word_1_158' title='bbox 592 2096 962 2173; x_wconf 71' lang='lat' dir='ltr'><strong>Tyndaridem</strong></span> <span class='ocrx_word' id='word_1_159' title='bbox 984 2110 1198 2178; x_wconf 80' lang='lat' dir='ltr'><strong>raptam</strong></span> <span class='ocrx_word' id='word_1_160' title='bbox 1221 2099 1491 2178; x_wconf 84' lang='lat' dir='ltr'><strong>belloque</strong></span> <span class='ocrx_word' id='word_1_161' title='bbox 1513 2101 1776 2159; x_wconf 85' lang='lat' dir='ltr'><strong>subactas</strong></span> 
     </span>
    </p>

    <p class='ocr_par' dir='ltr' id='par_1_8' title="bbox 178 2178 2150 2597">
     <span class='ocr_line' id='line_1_24' title="bbox 178 2178 1832 2264; baseline -0.001 -20"><span class='ocrx_word' id='word_1_162' title='bbox 178 2188 289 2244; x_wconf 80' lang='lat'><strong>465</strong></span> <span class='ocrx_word' id='word_1_163' title='bbox 319 2178 670 2259; x_wconf 83' lang='lat' dir='ltr'><strong>Troiugenas</strong></span> <span class='ocrx_word' id='word_1_164' title='bbox 688 2185 882 2260; x_wconf 86' lang='lat' dir='ltr'><strong>gentis</strong></span> <span class='ocrx_word' id='word_1_165' title='bbox 908 2201 1035 2242; x_wconf 91' lang='lat' dir='ltr'><strong>cum</strong></span> <span class='ocrx_word' id='word_1_166' title='bbox 1057 2180 1249 2243; x_wconf 78' lang='lat' dir='ltr'><strong>dlcunt</strong></span> <span class='ocrx_word' id='word_1_167' title='bbox 1272 2203 1442 2264; x_wconf 83' lang='lat' dir='ltr'><strong>esse,</strong></span> <span class='ocrx_word' id='word_1_168' title='bbox 1475 2182 1832 2244; x_wconf 82' lang='lat' dir='ltr'><strong>videndumst</strong></span> 
     </span>
     <span class='ocr_line' id='line_1_25' title="bbox 323 2263 1693 2345; baseline 0.002 -22"><span class='ocrx_word' id='word_1_169' title='bbox 323 2282 396 2323; x_wconf 89' lang='lat' dir='ltr'><strong>ue</strong></span> <span class='ocrx_word' id='word_1_170' title='bbox 419 2263 570 2324; x_wconf 82' lang='lat' dir='ltr'><strong>forte</strong></span> <span class='ocrx_word' id='word_1_171' title='bbox 596 2264 742 2326; x_wconf 87' lang='lat' dir='ltr'><strong>haec</strong></span> <span class='ocrx_word' id='word_1_172' title='bbox 744 2284 871 2345; x_wconf 90' lang='lat' dir='ltr'><strong>per</strong></span> <span class='ocrx_word' id='word_1_173' title='bbox 891 2285 957 2326; x_wconf 86' lang='lat' dir='ltr'><strong>se</strong></span> <span class='ocrx_word' id='word_1_174' title='bbox 985 2277 1191 2345; x_wconf 74' lang='lat' dir='ltr'><strong>cog-ant</strong></span> <span class='ocrx_word' id='word_1_175' title='bbox 1213 2284 1318 2328; x_wconf 89' lang='lat' dir='ltr'><strong>nos</strong></span> <span class='ocrx_word' id='word_1_176' title='bbox 1341 2286 1475 2328; x_wconf 87' lang='lat' dir='ltr'><strong>esse</strong></span> <span class='ocrx_word' id='word_1_177' title='bbox 1497 2266 1693 2344; x_wconf 81' lang='lat' dir='ltr'><strong>fateri,</strong></span> 
     </span>
     <span class='ocr_line' id='line_1_26' title="bbox 325 2336 2150 2437; baseline 0.003 -31"><span class='ocrx_word' id='word_1_178' title='bbox 325 2347 545 2426; x_wconf 87' lang='lat' dir='ltr'><strong>quando</strong></span> <span class='ocrx_word' id='word_1_179' title='bbox 569 2367 637 2408; x_wconf 87' lang='lat' dir='ltr'><strong>ea</strong></span> <span class='ocrx_word' id='word_1_180' title='bbox 658 2336 851 2409; x_wconf 82' lang='lat' dir='ltr'><strong>saecla</strong></span> <span class='ocrx_word' id='word_1_181' title='bbox 873 2349 1156 2410; x_wconf 89' lang='lat' dir='ltr'><strong>hominum</strong></span> <span class='ocrx_word' id='word_1_182' title='bbox 1171 2397 1188 2429; x_wconf 84' lang='grc'>,</span> <span class='ocrx_word' id='word_1_183' title='bbox 1228 2368 1464 2431; x_wconf 90' lang='lat' dir='ltr'><strong>quorum</strong></span> <span class='ocrx_word' id='word_1_184' title='bbox 1477 2348 1641 2410; x_wconf 85' lang='lat' dir='ltr'><strong>haec</strong></span> <span class='ocrx_word' id='word_1_185' title='bbox 1667 2361 1870 2437; x_wconf 82' lang='lat' dir='ltr'><strong>eventa</strong></span> <span class='ocrx_word' id='word_1_186' title='bbox 1892 2350 2150 2431; x_wconf 84' lang='lat' dir='ltr'><strong>fuerunt,</strong></span> 
     </span>
     <span class='ocr_line' id='line_1_27' title="bbox 323 2432 1748 2514; baseline 0.003 -25"><span class='ocrx_word' id='word_1_187' title='bbox 323 2432 725 2493; x_wconf 81' lang='lat' dir='ltr'><strong>inrevocabilis</strong></span> <span class='ocrx_word' id='word_1_188' title='bbox 748 2432 1084 2495; x_wconf 86' lang='lat' dir='ltr'><strong>abstulerit</strong></span> <span class='ocrx_word' id='word_1_189' title='bbox 1066 2452 1175 2493; x_wconf 78' lang='lat' dir='ltr'><strong>lam</strong></span> <span class='ocrx_word' id='word_1_190' title='bbox 1196 2436 1502 2514; x_wconf 83' lang='lat' dir='ltr'><strong>praeterita</strong></span> <span class='ocrx_word' id='word_1_191' title='bbox 1527 2444 1748 2495; x_wconf 85' lang='lat' dir='ltr'><strong>aetas:</strong></span> 
     </span>
     <span class='ocr_line' id='line_1_28' title="bbox 322 2512 1691 2605; baseline 0.003 -32"><span class='ocrx_word' id='word_1_192' title='bbox 322 2532 562 2595; x_wconf 80' lang='lat' dir='ltr'><strong>namque</strong></span> <span class='ocrx_word' id='word_1_193' title='bbox 586 2512 735 2576; x_wconf 84' lang='lat' dir='ltr'><strong>aliud</strong></span> <span class='ocrx_word' id='word_1_194' title='bbox 757 2515 998 2596; x_wconf 77' lang='lat' dir='ltr'><strong>saecliS,</strong></span> <span class='ocrx_word' id='word_1_195' title='bbox 1027 2517 1175 2579; x_wconf 83' lang='lat' dir='ltr'><strong>aliud</strong></span> <span class='ocrx_word' id='word_1_196' title='bbox 1198 2519 1567 2605; x_wconf 78' lang='lat' dir='ltr'><strong>regionibus</strong></span> <span class='ocrx_word' id='word_1_197' title='bbox 1552 2519 1691 2597; x_wconf 79' lang='lat' dir='ltr'><strong>ipsis</strong></span> 
     </span>
    </p>

    <p class='ocr_par' dir='ltr' id='par_1_9' title="bbox 182 2598 1977 3015">
     <span class='ocr_line' id='line_1_29' title="bbox 182 2598 1729 2700; baseline 0 -40"><span class='ocrx_word' id='word_1_198' title='bbox 182 2605 292 2660; x_wconf 82' lang='lat'><strong>470</strong></span> <span class='ocrx_word' id='word_1_199' title='bbox 319 2608 583 2659; x_wconf 81' lang='lat' dir='ltr'><strong>eventum</strong></span> <span class='ocrx_word' id='word_1_200' title='bbox 606 2598 718 2660; x_wconf 85' lang='lat' dir='ltr'><strong>diei</strong></span> <span class='ocrx_word' id='word_1_201' title='bbox 741 2603 951 2700; x_wconf 70' lang='lat' dir='ltr'><strong>poterit</strong></span> <span class='ocrx_word' id='word_1_202' title='bbox 974 2600 1390 2680; x_wconf 87' lang='lat' dir='ltr'><strong>quodcumque</strong></span> <span class='ocrx_word' id='word_1_203' title='bbox 1398 2604 1502 2661; x_wconf 87' lang='lat' dir='ltr'><strong>erit</strong></span> <span class='ocrx_word' id='word_1_204' title='bbox 1526 2612 1729 2661; x_wconf 88' lang='lat' dir='ltr'><strong>actum.</strong></span> 
     </span>
     <span class='ocr_line' id='line_1_30' title="bbox 324 2682 1573 2762; baseline 0.002 -20"><span class='ocrx_word' id='word_1_205' title='bbox 324 2682 568 2762; x_wconf 91' lang='lat' dir='ltr'><strong>denique</strong></span> <span class='ocrx_word' id='word_1_206' title='bbox 593 2686 857 2745; x_wconf 87' lang='lat' dir='ltr'><strong>materies</strong></span> <span class='ocrx_word' id='word_1_207' title='bbox 881 2686 929 2745; x_wconf 89' lang='lat' dir='ltr'><strong>si</strong></span> <span class='ocrx_word' id='word_1_208' title='bbox 951 2702 1141 2745; x_wconf 83' lang='lat' dir='ltr'><strong>rerum</strong></span> <span class='ocrx_word' id='word_1_209' title='bbox 1160 2683 1322 2745; x_wconf 88' lang='lat' dir='ltr'><strong>nulla</strong></span> <span class='ocrx_word' id='word_1_210' title='bbox 1336 2684 1573 2762; x_wconf 80' lang='lat' dir='ltr'><strong>fuisset,</strong></span> 
     </span>
     <span class='ocr_line' id='line_1_31' title="bbox 324 2766 1977 2852; baseline 0.001 -27"><span class='ocrx_word' id='word_1_211' title='bbox 324 2784 434 2826; x_wconf 90' lang='lat' dir='ltr'><strong>uec</strong></span> <span class='ocrx_word' id='word_1_212' title='bbox 455 2766 622 2827; x_wconf 87' lang='lat' dir='ltr'><strong>locus</strong></span> <span class='ocrx_word' id='word_1_213' title='bbox 647 2785 714 2828; x_wconf 88' lang='lat' dir='ltr'><strong>ac</strong></span> <span class='ocrx_word' id='word_1_214' title='bbox 737 2770 1010 2846; x_wconf 87' lang='lat' dir='ltr'><strong>spatium,</strong></span> <span class='ocrx_word' id='word_1_215' title='bbox 1045 2771 1222 2829; x_wconf 87' lang='lat' dir='ltr'><strong>resin</strong></span> <span class='ocrx_word' id='word_1_216' title='bbox 1247 2785 1360 2848; x_wconf 87' lang='lat' dir='ltr'><strong>quo</strong></span> <span class='ocrx_word' id='word_1_217' title='bbox 1386 2786 1644 2852; x_wconf 85' lang='lat' dir='ltr'><strong>quaeque</strong></span> <span class='ocrx_word' id='word_1_218' title='bbox 1668 2774 1977 2847; x_wconf 82' lang='lat' dir='ltr'><strong>geruntur,</strong></span> 
     </span>
     <span class='ocr_line' id='line_1_32' title="bbox 320 2815 1722 2949; baseline 0.003 -41.003"><span class='ocrx_word' id='word_1_219' title='bbox 320 2858 617 2949; x_wconf 85' lang='lat' dir='ltr'><strong>numquam</strong></span> <span class='ocrx_word' id='word_1_220' title='bbox 641 2849 970 2928; x_wconf 82' lang='lat' dir='ltr'><strong>Tyndaridis</strong></span> <span class='ocrx_word' id='word_1_221' title='bbox 994 2815 1208 2912; x_wconf 56' lang='lat' dir='ltr'><strong>ior-mae</strong></span> <span class='ocrx_word' id='word_1_222' title='bbox 1236 2852 1508 2913; x_wconf 87' lang='lat' dir='ltr'><strong>conflatus</strong></span> <span class='ocrx_word' id='word_1_223' title='bbox 1531 2869 1722 2912; x_wconf 83' lang='lat' dir='ltr'><strong>amore</strong></span> 
     </span>
     <span class='ocr_line' id='line_1_33' title="bbox 319 2933 1813 3034; baseline 0.005 -44"><span class='ocrx_word' id='word_1_224' title='bbox 319 2933 504 3012; x_wconf 83' lang='lat' dir='ltr'><strong>ignis,</strong></span> <span class='ocrx_word' id='word_1_225' title='bbox 528 2933 836 2994; x_wconf 85' lang='lat' dir='ltr'><strong>Alexandri</strong></span> <span class='ocrx_word' id='word_1_226' title='bbox 858 2935 1106 3014; x_wconf 72' lang='lat' dir='ltr'><strong>Phrygio</strong></span> <span class='ocrx_word' id='word_1_227' title='bbox 1129 2937 1236 2997; x_wconf 90' lang='lat' dir='ltr'><strong>sub</strong></span> <span class='ocrx_word' id='word_1_228' title='bbox 1259 2945 1500 3034; x_wconf 84' lang='lat' dir='ltr'><strong>pectore</strong></span> <span class='ocrx_word' id='word_1_229' title='bbox 1525 2935 1813 3014; x_wconf 72' lang='lat' dir='ltr'><strong>gliscenS,</strong></span> 
     </span>
    </p>

    <p class='ocr_par' dir='ltr' id='par_1_10' title="bbox 178 3015 1785 3434">
     <span class='ocr_line' id='line_1_34' title="bbox 178 3015 1552 3097; baseline 0.001 -21"><span class='ocrx_word' id='word_1_230' title='bbox 178 3023 286 3081; x_wconf 81' lang='lat'><strong>475</strong></span> <span class='ocrx_word' id='word_1_231' title='bbox 317 3015 469 3077; x_wconf 78' lang='lat' dir='ltr'><strong>olam·</strong></span> <span class='ocrx_word' id='word_1_232' title='bbox 487 3016 851 3093; x_wconf 85' lang='lat' dir='ltr'><strong>accendisset</strong></span> <span class='ocrx_word' id='word_1_233' title='bbox 874 3022 1030 3080; x_wconf 84' lang='lat' dir='ltr'><strong>saevi</strong></span> <span class='ocrx_word' id='word_1_234' title='bbox 1056 3021 1358 3080; x_wconf 89' lang='lat' dir='ltr'><strong>certamina</strong></span> <span class='ocrx_word' id='word_1_235' title='bbox 1380 3019 1552 3097; x_wconf 84' lang='lat' dir='ltr'><strong>belli,</strong></span> 
     </span>
     <span class='ocr_line' id='line_1_35' title="bbox 318 3100 1646 3182; baseline 0.002 -22"><span class='ocrx_word' id='word_1_236' title='bbox 318 3119 427 3160; x_wconf 88' lang='lat' dir='ltr'><strong>nec</strong></span> <span class='ocrx_word' id='word_1_237' title='bbox 453 3100 600 3161; x_wconf 87' lang='lat' dir='ltr'><strong>clam</strong></span> <span class='ocrx_word' id='word_1_238' title='bbox 623 3100 888 3163; x_wconf 83' lang='lat' dir='ltr'><strong>durateus</strong></span> <span class='ocrx_word' id='word_1_239' title='bbox 912 3102 1460 3181; x_wconf 84' lang='lat' dir='ltr'><strong>Troianis&#39;Pergama</strong></span> <span class='ocrx_word' id='word_1_240' title='bbox 1485 3113 1646 3182; x_wconf 90' lang='lat' dir='ltr'><strong>partu</strong></span> 
     </span>
     <span class='ocr_line' id='line_1_36' title="bbox 316 3183 1726 3266; baseline 0.002 -23"><span class='ocrx_word' id='word_1_241' title='bbox 316 3183 719 3246; x_wconf 81' lang='lat' dir='ltr'><strong>inflammasset</strong></span> <span class='ocrx_word' id='word_1_242' title='bbox 742 3204 926 3266; x_wconf 88' lang='lat' dir='ltr'><strong>equos</strong></span> <span class='ocrx_word' id='word_1_243' title='bbox 949 3196 1228 3247; x_wconf 87' lang='lat' dir='ltr'><strong>nocturno</strong></span> <span class='ocrx_word' id='word_1_244' title='bbox 1258 3186 1726 3264; x_wconf 84' lang='lat' dir='ltr'><strong>Graiugenarum;</strong></span> 
     </span>
     <span class='ocr_line' id='line_1_37' title="bbox 316 3270 1774 3350; baseline 0.002 -22"><span class='ocrx_word' id='word_1_245' title='bbox 316 3271 665 3348; x_wconf 78' lang='lat' dir='ltr'><strong>perspicere</strong></span> <span class='ocrx_word' id='word_1_246' title='bbox 680 3279 741 3330; x_wconf 88' lang='lat' dir='ltr'><strong>ut</strong></span> <span class='ocrx_word' id='word_1_247' title='bbox 764 3273 957 3350; x_wconf 89' lang='lat' dir='ltr'><strong>possis</strong></span> <span class='ocrx_word' id='word_1_248' title='bbox 979 3289 1076 3331; x_wconf 88' lang='lat' dir='ltr'><strong>res</strong></span> <span class='ocrx_word' id='word_1_249' title='bbox 1099 3280 1298 3349; x_wconf 81' lang='lat' dir='ltr'><strong>gestas</strong></span> <span class='ocrx_word' id='word_1_250' title='bbox 1321 3270 1570 3331; x_wconf 83' lang='lat' dir='ltr'><strong>funditus</strong></span> <span class='ocrx_word' id='word_1_251' title='bbox 1594 3274 1774 3332; x_wconf 87' lang='lat' dir='ltr'><strong>omnis</strong></span> 
     </span>
     <span class='ocr_line' id='line_1_38' title="bbox 314 3354 1785 3434; baseline 0.003 -23"><span class='ocrx_word' id='word_1_252' title='bbox 314 3369 430 3412; x_wconf 92' lang='lat' dir='ltr'><strong>non</strong></span> <span class='ocrx_word' id='word_1_253' title='bbox 453 3354 531 3412; x_wconf 86' lang='lat' dir='ltr'><strong>ita</strong></span> <span class='ocrx_word' id='word_1_254' title='bbox 552 3355 633 3413; x_wconf 86' lang='lat' dir='ltr'><strong>uti</strong></span> <span class='ocrx_word' id='word_1_255' title='bbox 659 3371 870 3434; x_wconf 88' lang='lat' dir='ltr'><strong>corpus</strong></span> <span class='ocrx_word' id='word_1_256' title='bbox 892 3373 999 3434; x_wconf 90' lang='lat' dir='ltr'><strong>per</strong></span> <span class='ocrx_word' id='word_1_257' title='bbox 1021 3374 1086 3415; x_wconf 89' lang='lat' dir='ltr'><strong>se</strong></span> <span class='ocrx_word' id='word_1_258' title='bbox 1111 3363 1377 3416; x_wconf 86' lang='lat' dir='ltr'><strong>constare</strong></span> <span class='ocrx_word' id='word_1_259' title='bbox 1400 3373 1589 3434; x_wconf 88' lang='lat' dir='ltr'><strong>neque</strong></span> <span class='ocrx_word' id='word_1_260' title='bbox 1615 3374 1749 3415; x_wconf 89' lang='lat' dir='ltr'><strong>esse</strong></span> <span class='ocrx_word' id='word_1_261' title='bbox 1767 3401 1785 3432; x_wconf 85' lang='lat'>‚</span> 
     </span>
    </p>

    <p class='ocr_par' dir='ltr' id='par_1_11' title="bbox 178 3437 1719 3517">
     <span class='ocr_line' id='line_1_39' title="bbox 178 3437 1719 3517; baseline 0 -20"><span class='ocrx_word' id='word_1_262' title='bbox 178 3442 285 3497; x_wconf 78' lang='lat'><strong>480</strong></span> <span class='ocrx_word' id='word_1_263' title='bbox 309 3453 422 3498; x_wconf 85' lang='lat' dir='ltr'><strong>nec</strong></span> <span class='ocrx_word' id='word_1_264' title='bbox 445 3438 665 3497; x_wconf 87' lang='lat' dir='ltr'><strong>ratione</strong></span> <span class='ocrx_word' id='word_1_265' title='bbox 691 3437 889 3499; x_wconf 86' lang='lat' dir='ltr'><strong>cluere</strong></span> <span class='ocrx_word' id='word_1_266' title='bbox 914 3437 1113 3498; x_wconf 87' lang='lat' dir='ltr'><strong>eadem</strong></span> <span class='ocrx_word' id='word_1_267' title='bbox 1139 3457 1250 3517; x_wconf 86' lang='lat' dir='ltr'><strong>qua</strong></span> <span class='ocrx_word' id='word_1_268' title='bbox 1272 3447 1498 3499; x_wconf 86' lang='lat' dir='ltr'><strong>constet</strong></span> <span class='ocrx_word' id='word_1_269' title='bbox 1521 3441 1683 3497; x_wconf 86' lang='lat' dir='ltr'><strong>inane</strong></span> <span class='ocrx_word' id='word_1_270' title='bbox 1702 3483 1719 3514; x_wconf 84' lang='lat'>‚</span> 
     </span>
    </p>
   </div>
  </div>
 </body>
</html>
