2409 3825
263 214 348 276 66
1232 211 1314 271 111

431 390 603 460 atque
626 380 842 440 animae
872 380 1033 457 quasi
1057 396 1190 457 pars
1215 377 1454 438 hominis
1471 425 1489 456 ‚
1514 378 1692 440 redde
1715 381 2025 444 harmoniai

431 482 673 542 nomen,
698 462 769 523 ad
792 464 1095 540 organicos
1119 460 1235 521 alto
1258 460 1504 522 delatum
1523 462 1817 534 Heliconi;

433 551 560 611 sive
581 545 849 608 allunde
832 548 943 626 1psi
967 562 1142 629 porro
1164 555 1393 606 traxere
1423 554 1482 606 et
1504 546 1736 607 inillam

430 630 873 707 transtulerunt,
896 631 1132 709 proprio
1157 648 1304 709 quae
1324 640 1442 690 tum
1463 631 1559 691 res
1582 634 1809 694 nomine
1832 636 2065 713 egebat.

310 725 410 783 135
440 714 713 797 quidquid
738 716 808 774 id
831 722 955 791 est,
979 712 1253 774 habeant:
1275 722 1335 773 tu
1359 723 1555 775 cetera
1576 717 1816 796 percipe
1837 717 2005 779 dicta.
2085 766 2094 775 .

516 798 683 860 Nunc
704 799 945 858 animum
965 806 1136 876 atque
1159 799 1393 858 animam
1423 797 1554 859 dico
1580 802 1881 862 coniuncta
1904 805 2094 864 teneri

431 887 581 945 inter
605 901 672 943 se
695 891 868 961 atque
897 900 1060 941 unam
1081 891 1333 942 naturam
1357 884 1646 945 conficere
1670 903 1747 944 ex
1767 905 1834 946 se
1850 931 1868 963 ‚

434 966 541 1030 sed
572 975 743 1046 caput
773 985 908 1027 esse
936 967 1097 1044 quasi
1120 975 1178 1026 et
1203 966 1474 1026 dominari
1497 968 1555 1026 in
1580 985 1827 1047 corpore
1857 979 1981 1032 toto

436 1049 734 1113 consilium
750 1097 768 1127 ‚
795 1049 947 1128 quod
969 1066 1075 1110 nos
1099 1051 1340 1110 animum
1360 1060 1723 1130 mentemque
1752 1070 2043 1115 vocamus.

307 1145 412 1200 140
433 1135 607 1215 idque
629 1136 796 1195 situm
819 1133 1000 1193 media
1022 1135 1264 1211 regione
1287 1135 1343 1193 in
1366 1137 1621 1212 pectoris
1642 1135 1860 1198 haeret.

432 1220 529 1280 hic
554 1217 772 1279 exultat
794 1219 943 1278 enim
970 1235 1151 1296 pavor
1177 1236 1247 1278 ac
1269 1227 1454 1279 metus
1471 1265 1489 1296 ‚
1516 1218 1661 1280 haec
1683 1218 1814 1280 loca
1839 1223 2054 1282 circum

433 1304 683 1365 laetitiae
706 1300 987 1362 mulcent:
1011 1301 1107 1362 hic
1129 1319 1273 1380 ergo
1299 1320 1458 1363 mens
1482 1304 1886 1382 animusquest.

437 1396 633 1449 cetera
656 1404 788 1466 pars
813 1388 1029 1445 animae
1050 1404 1158 1465 per
1178 1395 1359 1446 totum
1373 1386 1580 1448 ‘dissita
1603 1405 1815 1467 corpus

432 1480 598 1551 paret
620 1480 679 1530 et
701 1469 771 1530 ad
792 1488 998 1529 numen
1020 1471 1226 1530 mentis
1251 1487 1593 1548 momenque
1618 1482 1897 1533 movetur.

308 1564 412 1619 145
435 1555 609 1634 idque
632 1554 741 1615 sibi
766 1552 952 1614 solum
972 1572 1080 1633 per
1101 1573 1169 1615 se
1193 1556 1369 1641 sapit:
1392 1555 1464 1615 id
1486 1556 1595 1616 sihi
1617 1555 1861 1635 gaudet,

437 1657 567 1700 cum
589 1656 779 1716 neque
807 1656 904 1698 res
936 1639 1172 1698 animam
1193 1656 1385 1716 neque
1416 1655 1627 1718 corpus
1651 1650 1972 1701 commovet
1994 1659 2127 1703 una.

435 1733 496 1783 et
519 1723 715 1802 quasi,
743 1740 871 1781 cum
895 1731 1065 1802 caput
1086 1731 1181 1782 aut
1207 1720 1411 1782 oculus
1435 1731 1748 1821 temptante
1775 1723 1975 1785 dolore

434 1805 716 1866 laeditur
699 1823 757 1864 ιιι
779 1805 945 1866 nobis
961 1852 979 1883 ,
1003 1824 1118 1866 non
1142 1808 1292 1866 omni
1316 1808 1744 1866 concruciamur

437 1906 722 1968 corpore,
754 1891 840 1950 sic
864 1890 1078 1952 animus
1100 1904 1517 1970 nonnumquam
1540 1889 1781 1952 laeditur
1802 1894 1931 1973 ipse

309 1983 413 2039 150
435 1974 770 2051 laetitiaque
792 1975 986 2051 vig-et,
1013 1993 1141 2035 cum
1166 1983 1363 2035 cetera
1385 1992 1517 2054 pars
1540 1977 1738 2035 animai

436 2076 546 2139 per
565 2057 818 2118 membra
840 2067 1011 2136 atque
1033 2069 1187 2119 artus
1212 2057 1366 2117 nulla
1387 2061 1638 2119 novitate
1663 2060 1872 2121 cietur:

435 2160 636 2204 verum
657 2141 757 2201 ubi
779 2144 1029 2201 vementi
1052 2144 1231 2220 magis
1261 2151 1353 2203 est
1378 2151 1657 2203 commota
1679 2153 1834 2203 metu
1859 2162 2058 2224 mens,

439 2226 771 2289 consentire
797 2226 1035 2285 animam
1058 2234 1237 2286 totam
1260 2244 1368 2305 per
1390 2226 1641 2288 membra
1661 2226 1920 2289 videmus
1938 2273 1956 2306 ,

436 2308 801 2387 sudoresque
830 2311 908 2369 ita
932 2308 1330 2389 palloremque
1354 2312 1608 2371 existere
1637 2320 1761 2388 totp

238 2427 245 2434 ’
310 2403 412 2458 155
443 2410 693 2473 corpore
716 2402 777 2453 et
797 2392 1027 2470 infringi
1056 2392 1306 2472 linguam
1327 2411 1651 2474 vocemque
1676 2394 1918 2473 aboriri,

438 2477 693 2555 caligare
716 2475 921 2538 oculos
939 2523 958 2554 ‚
983 2493 1193 2538 sonere
1218 2479 1370 2539 auris
1388 2524 1406 2555 ‚
1431 2479 1735 2539 succidere
1759 2488 1914 2538 artus
1933 2524 1951 2556 ,

436 2562 686 2638 denique
711 2559 1018 2621 concidere
1040 2579 1116 2622 ex
1138 2563 1305 2621 animi
1325 2571 1549 2621 terrore
1571 2562 1829 2623 videmus

438 2663 621 2724 saepe
650 2644 940 2712 homines;
966 2643 1139 2706 facile
1163 2654 1225 2704 ut
1250 2646 1436 2723 quivis
1460 2644 1593 2706 hinc
1616 2663 1864 2706 noscere
1889 2647 2078 2724 possit

436 2750 573 2792 esse
603 2731 841 2789 animam
862 2745 990 2788 cum
1011 2728 1194 2787 animo
1228 2730 1583 2789 coniunctam
1597 2747 1788 2808 ‚quae
1819 2748 1947 2790 cum
1971 2731 2138 2790 animi
2162 2730 2224 2791 vi

308 2825 413 2880 160
434 2822 808 2896 percussam,
839 2813 992 2871 exim
1018 2829 1231 2891 corpus
1253 2811 1527 2892 propellit
1552 2822 1611 2872 et
1635 2816 1753 2874 icit.

519 2896 679 2958 Haec
705 2895 907 2957 eadem
930 2896 1072 2957 ratio
1096 2904 1346 2956 naturam
1369 2898 1532 2956 animi
1555 2906 1727 2975 atque
1750 2898 1948 2957 animai

436 2998 778 3061 corpoream
800 2979 973 3041 docet
996 2998 1163 3041 esse:
1187 2981 1286 3040 ubi
1315 2981 1464 3040 enim
1484 2979 1818 3060 propellere
1841 2980 2131 3060 membra,

438 3067 736 3144 corripere
760 3081 836 3124 ex
858 3081 1059 3125 somno
1090 3081 1302 3143 corpus
1320 3110 1338 3142 ‚
1363 3073 1696 3145 mutareque
1718 3064 1936 3125 vultum

435 3158 608 3227 atque
636 3147 921 3207 hominem
943 3157 1124 3208 totum
1145 3166 1356 3225 regere
1382 3166 1450 3208 ac
1473 3166 1711 3210 versare
1741 3148 1998 3225 videtur,

314 3241 411 3296 165
438 3247 679 3310 quorum
705 3229 786 3289 nil
812 3229 935 3290 fieri
958 3233 1082 3293 sine
1104 3242 1260 3293 tactu
1285 3249 1461 3311 posse
1485 3232 1745 3294 videmus
1761 3279 1780 3310 ‚

438 3311 552 3374 nec
573 3321 785 3372 tactum
808 3330 982 3391 porro
1007 3317 1131 3375 sine
1157 3332 1406 3392 corpore
1424 3360 1442 3392 ‚
1466 3332 1656 3376 nonne
1682 3315 2025 3377 fatendumst

443 3412 726 3473 corporea
750 3404 945 3456 natura
973 3400 1213 3456 animum
1240 3407 1503 3460 constare
1528 3402 1878 3476 animamque
1893 3394 1923 3456 ’ἶ

440 3486 742 3556 praeterea
765 3480 978 3555 pariter
1004 3479 1162 3557 fungi
1190 3499 1318 3540 cum
1343 3497 1590 3560 corpore
1615 3491 1675 3543 et
1699 3500 1807 3542 una
