2409 3825
294 149 383 216 54
880 164 1026 211 xxv.
1100 162 1449 212 munus.
1496 159 1544 208 8¹.
1588 159 1638 208 9.

225 302 235 312 '
299 300 409 379 diu
453 319 583 364 uno
626 298 771 364 loco
815 298 1052 365 sedere.
1137 297 1420 364 habebat
1465 298 1886 363 barbarorum
1942 298 2235 383 equitum

239 397 273 447 2
302 401 420 467 XX,
463 381 752 481 peditum
790 386 1051 448 centum
1094 383 1293 481 milia,
1338 402 1504 480 quos
1542 382 1641 447 illi
1672 380 1985 531 ⁴3⁸:ngae
2016 383 2235 467 appel-

297 470 477 618 ἓξὲξ.
506 467 1388 636 Θᾶἓῖἷῗὲἕὲιῗωςῗιῐῗῐᾘᾟα,
1433 488 2007 616 Armeniorffl’
2031 488 2235 635 mhffipfqe·

298 636 797 734 Paphlagonum
838 652 907 734 v·
927 633 1137 720 milia,
1180 634 1364 733 Plu-‘y-
1559 650 1609 699 x
1649 634 1858 734 milia,
1902 634 2238 735 Lydoijum

299 739 348 783 v
376 721 576 804 milla,
620 719 1098 803 Aspendiorum
1140 722 1208 784 et
1234 718 1368 784 Pisi
1411 740 1595 785 arum
1638 723 1890 785 c1rc1te1·
1918 736 2001 784 111
2029 720 2234 803 malm,

301 805 575 871 Cilicum
627 821 683 867 11
725 803 925 888 milia,
969 802 1432 902 Captianorum
1483 803 1753 869 totidem
1762 855 1782 889 ‚
1837 826 1915 870 ex
1959 803 2237 871 Graecia
2363 874 2364 879 ,

300 888 762 954 conductorum
821 905 904 951 111
955 888 1163 972 milia,
1236 888 1396 953 levis
1459 891 1820 954 armaturae
1877 888 2237 954 maximum

240 982 274 1032 8
300 993 660 1037 numerum.
731 971 851 1037 has
895 970 1197 1037 adversus
1226 972 1443 1056 copias
1486 993 1630 1058 spes
1674 972 1883 1038 omnis
1924 973 2237 1038 consiste-

297 1056 415 1122 bat
440 1053 701 1122 Datami
728 1055 798 1120 in
841 1077 910 1120 se
952 1056 1207 1140 locique
1244 1060 1504 1123 natura:
1547 1076 1825 1145 namque
1851 1056 2045 1122 huius
2086 1078 2238 1142 par·

297 1143 431 1205 tem
471 1161 609 1204 non
648 1139 928 1204 habebat
968 1140 1336 1205 vicesimam
1376 1141 1675 1206 militum.
1748 1141 1981 1226 quibus
2023 1141 2237 1207 fretus

299 1223 592 1290 conflixit
618 1223 1256 1309 adversariorumque
1297 1226 1503 1291 multa
1529 1222 1711 1290 milia
1738 1225 2040 1308 concidit,
2085 1247 2238 1309 (gu-,m

299 1308 377 1373 de
433 1307 637 1392 ipsius
679 1308 960 1374 exercitu
1002 1331 1140 1374 non
1181 1309 1456 1393 amplius
1498 1309 1835 1374 hominum
1863 1309 2042 1374 mille
2072 1311 2235 1375 ceci·

276 1392 516 1458 disset.
585 1414 780 1477 quam
808 1394 891 1458 ob
920 1414 1179 1459 causam
1203 1396 1464 1477 postero
1499 1393 1602 1458 die
1630 1397 1966 1478 tropaeum
1990 1395 2235 1478 posuit,

239 1486 276 1537 4
303 1498 433 1562 quo
490 1477 635 1543 loco
687 1477 896 1563 pridie
937 1481 1300 1563 pugnatum
1353 1481 1508 1543 erat.
1606 1477 1759 1542 hinc
1824 1499 1971 1543 cum
2022 1481 2238 1543 castra

298 1560 606 1627 movisset
640 1582 1019 1646 semperque
1057 1560 1327 1626 inferior
1368 1562 1569 1646 copiis
1613 1561 1908 1645 superior
1931 1562 2237 1626 omnibus

296 1644 564 1730 proeliis
618 1643 970 1722 discederet
1065 1644 1239 1730 quod
1290 1666 1641 1729 numquam
1694 1666 1957 1710 manum
2011 1665 2238 1710 conse-

299 1734 497 1813 reret,
553 1730 682 1795 nisi
724 1740 871 1809 cum
915 1696 1312 1795 adversarios
1355 1730 1646 1795 locorum
1698 1728 2017 1814 angustiis
2058 1730 2238 1795 clau-

196 1866 206 1877 „
299 1814 516 1898 sisset,
582 1813 757 1897 quod
818 1815 1028 1898 perito
1095 1814 1435 1898 regionum
1498 1812 1853 1897 callideque
1916 1815 2239 1899 cogitanti

240 1909 273 1959 5
303 1921 494 1996 saepe
547 1896 904 1983 accidebat,
969 1897 1523 1983 Autophrodates,
1589 1920 1735 1970 cum
1785 1897 2030 1963 bellum
2085 1897 2239 1964 duci

298 2003 542 2047 malote
584 1984 755 2068 regis
786 1983 1149 2048 calamitate
1193 2005 1386 2068 quam
1415 1982 1923 2048 adversariorum
1964 1982 2236 2066 videret,

297 2087 525 2151 pacem
577 2067 1052 2151 amicitiamque
1103 2066 1406 2134 hortatus
1457 2070 1587 2150 est,
1643 2071 1719 2132 ut
1769 2088 1916 2131 cum
1964 2087 2121 2152 rege
2162 2068 2238 2133 in

200 2163 273 2218 »ιθ
300 2152 577 2235 gratiam
602 2150 855 2216 rediret.
928 2172 1123 2247 quam
1162 2151 1277 2216 ille
1321 2151 1441 2216 etsi
1467 2151 1661 2216 fidam
1699 2172 1835 2217 non
1877 2149 2019 2216 fore
2045 2156 2238 2236 puta·

295 2236 426 2315 bat,
469 2239 690 2300 tamen
717 2233 1158 2300 condicionem
1187 2235 1438 2321 accepit
1461 2256 1655 2319 seque
1696 2235 1778 2301 ad
1805 2238 2238 2301 Artaxerxem

297 2318 547 2402 legatos
602 2318 950 2416 miseni-um
1005 2318 1184 2385 dixit.
1282 2320 1375 2385 sic
1426 2319 1695 2404 bellum,
1751 2317 1928 2405 quod
1966 2339 2084 2384 rex
2126 2320 2239 2386 ad-

297 2422 520 2467 versus
548 2400 868 2467 Datamen
911 2408 1295 2489 susceperat,
1340 2403 1629 2470 sedatum
1672 2407 1784 2469 est.
1857 2405 2238 2490 Autophro-

301 2484 483 2552 dates
523 2485 597 2552 in
637 2485 992 2572 Phrygiam
1034 2510 1102 2553 se
1144 2489 1406 2572 recepit.

227 2570 271 2635 9
465 2573 560 2637 At
610 2591 754 2655 rex,
821 2571 994 2656 quod
1048 2571 1453 2721 ίωξὲαοειὶιῦθ
1508 2570 1728 2670 odium
1781 2572 1853 2637 in
1906 2570 2235 2638 Datamen

298 2658 1093 2838 ἴῃῖζῗὲἔξὲξὲέῗᾚᾚ
1115 2657 1503 2838 affigi}
1542 2677 1839 2839 ‘’gzfiffif
1861 2677 2234 2825 ”3335ss

238 2837 271 2886 2
297 2823 638 2909 plerasque
694 2827 978 2890 evitavit.
1079 2828 1273 2907 s1cut,
1330 2846 1479 2923 0331
1532 2847 1593 2890 e1
1645 2827 2014 2890 nuntiatum
2064 2830 2236 2892 esset

297 2907 611 2992 quosdam
651 2909 776 2973 sibi
817 2908 1138 2992 insidiari,
1194 2908 1309 2994 qui
1362 2930 1433 2972 m
1486 2910 1841 2975 amicorum
1883 2912 2072 2975 erant
2111 2931 2235 2975 nu·

295 3015 505 3061 mero:
571 2991 651 3058 de
705 2992 938 3078 quibus
948 3043 968 3078 ‚
1035 2992 1212 3077 quod
1262 2992 1509 3058 inimici
1562 2992 1953 3076 detulerant,
2017 3014 2232 3079 neque

297 3075 683 3142 credendum
723 3098 807 3141 ne
853 3098 935 3142 ue
976 3077 1165 3163 negle
1215 3076 1451 3143 endum
1475 3077 1759 3162 putavit:
1802 3077 2080 3175 experiri
2117 3099 2236 3144 vo·

238 3169 272 3216 8
300 3157 426 3220 luit
498 3180 723 3224 verum
760 3099 1079 3225 fa‘isumne
1122 3162 1178 3225 si
1224 3162 1248 3224 i
1290 3164 1459 3226 esset
1497 3160 1790 3226 relatum.
1877 3165 2097 3245 itaque
2152 3183 2232 3227 eo

298 3206 624 3317 profectus
668 3246 793 3324 est,
849 3244 921 3306 in
974 3264 1103 3326 quo
1156 3245 1389 3309 itinere
1444 3243 1696 3309 futuras
1737 3244 2004 3310 insidias
2058 3244 2232 3310 dixe·

298 3321 466 3380 rant.
552 3322 664 3384 sed
686 3323 901 3408 ,elegit
941 3345 1211 3410 corpore
1263 3348 1338 3392 ac
1389 3330 1636 3393 statura
1688 3328 2087 3394 simillimum
2128 3332 2232 3395 sui

299 3396 486 3478 eique
529 3404 833 3469 vestitum
884 3429 1074 3475 suum
1125 3408 1300 3474 dedit
1352 3414 1549 3494 atque
1600 3430 1677 3476 eo
1729 3412 1873 3477 loco
1915 3412 2040 3484 ire.
2099 3433 2229 3493 quo
2363 3413 2364 3440 ³
