2409 3825
406 44 448 68 Q,

330 167 377 235 8
863 179 941 230 11.
999 177 1546 229 THEMISTOGLES.
1590 175 1638 226 ι.
1678 175 1731 226 2.

336 318 474 382 eius
501 315 779 383 Neocles
874 335 1176 381 enerosus
1218 313 1364 378 fuit.
1449 313 1507 379 is
1548 334 1814 378 uxorem
1855 312 2268 381 Halicarna-
2375 320 2376 325 ’

335 401 499 468 siam
556 401 762 465 civem
859 399 1027 482 uxit,
1088 418 1167 462 ex
1224 419 1355 481 qua
1392 400 1585 462 natus
1639 402 1740 462 est
1777 397 2267 464 Themistocles.

218 506 253 532 ν’
337 485 453 582 qui
494 506 642 563 cum
682 484 897 548 minus
950 485 1118 548 esset
1169 482 1476 564 probatus
1527 481 1928 566 parentibus,
1980 484 2159 568 quod
2201 489 2270 549 et

336 556 601 633 hberiffs
629 568 889 633 vivebat
916 571 984 632 et
1008 587 1146 630 rem
1173 566 1556 630 familiarem
1582 566 1983 651 neglegebat,
2013 589 2054 631 a
2079 571 2270 651 patre
2377 612 2378 639 ἢ

275 666 312 715 a
341 652 760 718 exheredatus
789 654 904 716 est.
960 671 1123 747 quae
1148 650 1538 715 contumelia
1563 670 1701 714 non
1725 650 1924 735 fregit
1950 671 2117 735 eum,
2153 653 2270 717 sed

339 737 560 803 erexit.
618 758 770 800 nam
799 757 944 815 qum
972 733 1315 798 mdicasset
1342 734 1480 798 sine
1508 755 1759 799 summa
1780 733 2099 799 industria
2125 757 2269 801 non

384 841 525 886 osse
573 842 714 885 eam
758 819 1110 903 exstingui,
1169 821 1381 883 totum
1420 839 1486 883 se
1530 816 1773 882 dedidit
1810 820 1907 883 rei
1991 819 2267 904 ublicae,
2375 816 2378 861 Ὗ

334 844 711 1002 diligentius
769 903 990 967 amicis
1048 901 1387 985 famaeque
1449 902 1752 967 serviens.
1858 925 1924 967 m
1991 907 2137 968 tum
2190 905 2271 969 in

337 988 591 1054 iudiciis
632 987 901 1071 privatis
943 987 1343 1068 versabatur,
1395 1007 1582 1070 saepe
1623 987 1695 1050 in
1737 988 2107 1052 contionem
2149 1010 2272 1071 po-

337 1073 477 1157 puli
528 1071 859 1156 prodibat3
920 1070 1103 1136 nulla
1138 1091 1242 1134 res
1290 1070 1497 1135 maior
1550 1070 1688 1134 sine
1749 1092 1827 1135 eo
1891 1072 2268 1167 gerebatur,

339 1157 631 1222 celeriter
683 1176 846 1238 quae
900 1177 1061 1238 opus
1105 1157 1290 1218 erant
1340 1154 1729 1237 reperiebat,
1793 1153 1984 1219 faclle
2038 1155 2270 1220 eadem

275 1254 314 1304 4
343 1240 634 1307 oratione
676 1239 1050 1323 explicabat.
1134 1258 1345 1320 neque
1387 1238 1601 1303 minus
1643 1238 1715 1302 in
1747 1238 1939 1302 rebus
1964 1241 2269 1324 gerendis

339 1328 676 1409 promptus
705 1345 892 1407 quam
925 1343 1076 1387 exeo
1131 1320 1362 1386 'tandis
1392 1326 1546 1405 erat,
1591 1321 1765 1405 quod
1807 1326 1873 1386 et
1915 1322 1991 1387 de
2017 1324 2270 1388 instan-

336 1410 543 1506 tibus,
585 1411 663 1473 ut
702 1409 795 1472 ait
835 1407 1060 1492 Thucy
1109 1405 1238 1469 'des
1250 1456 1268 1488 ,
1311 1406 1641 1470 verissime
1692 1405 2017 1471 iudicabat
2066 1411 2136 1472 et
2181 1408 2270 1473 de

336 1493 574 1558 futuris
637 1490 1041 1557 callidissime
1084 1490 1461 1555 coniciebat.
1568 1511 1697 1574 quo
1739 1489 1981 1555 factum
2034 1495 2135 1556 est
2189 1500 2274 1557 ut

340 1577 523 1644 brevi
563 1580 851 1659 tempore
892 1575 1339 1639 illustraretur.

262 1661 309 1727 2
508 1660 765 1725 Primus
793 1663 1007 1723 autem
1039 1658 1274 1744 gradus
1300 1658 1429 1722 fuit
1469 1658 1890 1742 capessendae
1930 1659 2025 1724 rei
2050 1660 2270 1743 publi-

339 1767 452 1811 cae
513 1745 686 1809 bello
731 1742 1117 1827 Corcyraeo:
1181 1742 1266 1806 ad
1306 1741 1480 1826 quod
1532 1742 1880 1827 gerendum
1921 1746 2184 1827 praetor
2223 1768 2272 1809 a

339 1829 583 1914 populo
607 1827 817 1893 factus
858 1849 996 1893 non
1022 1826 1233 1892 solum
1273 1827 1597 1910 praesenti
1646 1826 1819 1891 bello
1832 1877 1851 1910 ,
1903 1827 2015 1892 sed
2068 1828 2269 1894 etiam
2379 1896 2382 1907 ἐ

278 1927 313 1976 2
341 1915 589 1997 reliquo
631 1917 918 1997 tempore
960 1912 1340 1977 ferociorem
1379 1910 1656 1976 reddidit
1695 1912 2036 1978 civitatem.
2106 1934 2268 1978 nam

210 2027 219 2038 ·
340 2019 487 2080 qum
527 1997 801 2081 pecunia
838 1996 1125 2080 publica,
1178 2017 1342 2079 quae
1393 2017 1472 2059 ex
1512 1996 1790 2062 metallis
1829 1996 2095 2080 redibat,
2138 1997 2269 2064 lar-

341 2082 588 2168 gitione
786 2081 799 2095 ⁸
835 2085 1118 2146 tratuum
1176 2079 1524 2163 quotannis
1578 2080 1897 2163 interiret,
1952 2080 2063 2145 ille
2119 2103 2268 2178 per·
2317 2121 2326 2134 -

341 2166 544 2231 suasit
582 2186 713 2249 pop
783 2186 825 2230 o
880 2168 957 2229 ut
997 2185 1075 2229 ea
1113 2163 1392 2247 pecunia
1440 2163 1658 2229 classis
1699 2168 1956 2229 centum
1996 2186 2268 2231 navium

281 2261 316 2311 3
345 2249 798 2315 aedificaretur.
906 2269 1034 2331 qua
1092 2248 1386 2313 celeriter
1427 2248 1651 2313 effecta
1701 2249 1980 2332 primum
2029 2247 2195 2315 Coro
2238 2287 2271 2300 ·

340 2353 525 2398 raeos
553 2332 769 2417 fregit,
813 2331 1041 2396 deinde
1070 2333 1425 2397 maritimos
1451 2333 1806 2415 praedones
1835 2272 2270 2400 consectando
2383 2385 2384 2392 κ

342 2437 519 2482 mare
559 2419 776 2481 tutum
817 2416 1109 2481 reddidit.
1207 2416 1280 2481 in
1331 2437 1460 2500 quo
1505 2437 1650 2481 cum
1703 2416 1942 2481 divitiis
1986 2419 2270 2501 ornavit,
2383 2465 2384 2480 ,

341 2505 483 2566 tum
513 2501 706 2565 etiam
733 2500 1153 2585 peritissimos
1172 2498 1331 2565 belli
1362 2500 1611 2564 navalis
1639 2499 1795 2565 fecit
1813 2500 2268 2569 AthenienseS.
2383 2483 2384 2556 Ῐ

282 2595 318 2647 4
342 2585 412 2651 id
467 2588 745 2670 quantae
800 2585 994 2649 saluti
1048 2584 1249 2648 fuerit
1301 2582 1637 2649 universae
1694 2583 2023 2670 Graeciae,
2089 2586 2270 2652 bello

206 2713 221 2724 -
343 2671 679 2756 cognitum
712 2673 810 2734 est
847 2669 1126 2734 Persice.
1218 2689 1373 2732 nam
1413 2688 1560 2744 cum
1600 2667 1844 2733 Xerxes
1887 2673 1955 2735 et
1993 2671 2157 2735 mari
2201 2677 2274 2735 et

339 2758 514 2819 terra
553 2754 795 2819 bellum
850 2753 1183 2817 universae
1226 2750 1498 2816 inferret
1535 2751 1835 2836 Europae
1878 2774 2025 2818 cum
2064 2757 2272 2819 tantis

342 2839 575 2922 copiis,
630 2841 902 2921 quantas
942 2857 1151 2920 neque
1195 2837 1346 2899 ante
1388 2856 1509 2900 nec
1562 2840 1788 2920 postea
1827 2836 2056 2901 habuit
2095 2839 2270 2922 quis·

280 2933 317 2984 5
346 2943 569 3005 quam:
620 2920 812 2984 huius
867 2920 1040 2985 enim
1090 2919 1309 2984 classis
1362 2919 1538 2984 mille
1582 2923 1650 2985 et
1696 2919 2114 2986 ducentarum
2154 2943 2272 2988 na-

340 3007 519 3071 vium
574 3005 916 3089 longarum
966 3003 1123 3086 fuit,
1179 3024 1375 3087 quam
1428 3002 1555 3070 duo
1597 3004 1779 3069 milia
1807 3005 2270 3076 *onerariarum

343 3090 803 3172 sequebantur,
845 3087 1163 3152 terrestris
1205 3090 1421 3151 autem
1450 3088 1765 3153 exercitus
1794 3103 1931 3153 Dee
1957 3089 2272 3175 peditum,
2383 3081 2384 3100 ¹

279 3181 319 3229 e
346 3172 635 3249 equitum
683 3187 853 3236 cccc
907 3171 1087 3235 milia
1139 3170 1432 3235 fuerunt:
1486 3206 1572 3219 -
1614 3172 1794 3236 cuius
1846 3172 1926 3237 de
1986 3174 2270 3239 adventu
2375 3163 2384 3190 ¹

343 3270 489 3328 cum
549 3253 725 3316 fama
782 3254 856 3318 in
921 3254 1255 3318 Graeciam
1316 3257 1486 3319 esset
1547 3255 1797 3339 perlata
1870 3260 1938 3322 et
1990 3258 2272 3323 maxime

342 3330 770 3399 Athenienses
811 3337 947 3418 peti
989 3336 1351 3400 dicerentur
1402 3342 1668 3420 propter
1721 3357 2010 3423 pugnam
2061 3339 2274 3407 Mara-

340 3409 654 3495 thoniam,
697 3418 1010 3481 miserunt
1050 3417 1342 3502 Delphos
1385 3420 1781 3506 consultum,
1827 3423 2138 3507 quidnam
2177 3426 2274 3492 fa-
