2409 3825
904 208 1153 257 SATIRA
1194 208 1298 257 111.

102 348 401 426 Porticus,
447 348 722 409 insomnis
768 347 974 427 quibus
1021 357 1080 406 et
1124 348 1367 410 detonsa
1413 349 1677 411 iuventus

99 432 406 510 Invigilat,
461 432 686 510 siliquis
739 441 796 490 et
845 431 1045 508 grandi
1091 441 1254 510 pasta
1297 434 1559 510 polenta3

99 517 179 577 Et
223 516 328 575 tibi
368 533 516 595 quae
564 507 787 574 Samio‘s
840 514 1075 575 deduxit
1119 514 1312 574 littera
1360 533 1552 576 ramos

101 601 453 675 Surgentem
496 598 704 660 dextro
750 598 1087 657 monstravit
1133 598 1312 657 limite
1362 600 1589 660 callem.

100 683 314 742 Stertis
358 681 579 757 adhuc,
624 680 929 758 laxumque
979 690 1149 760 caput
1196 699 1479 761 compage
1524 684 1713 744 soluta

102 765 331 824 Oscitat
374 765 737 840 hesternum,
788 763 1020 824 dissutis
1065 765 1314 843 undique
1364 766 1558 826 malis!

100 848 212 907 Est
263 847 480 925 aliquid
530 864 644 932 quo
694 846 916 923 tendis,
963 857 1020 906 et
1061 848 1116 906 in
1161 865 1274 925 quo
1322 849 1522 926 dirigis
1569 850 1807 911 arcum?

102 931 198 990 An
241 933 455 1009 passim
498 932 767 1009 sequeris
811 946 1026 989 corvos
1069 939 1337 1009 testaque
1381 932 1641 1011 lutoque,

102 1015 362 1074 Securus
408 1030 521 1092 quo
564 1031 674 1091 pes
719 1013 897 1088 ferat,
948 1022 1120 1092 atque
1166 1032 1241 1073 ex
1282 1023 1547 1092 tempore
1590 1015 1778 1077 vivis?

101 1096 483 1158 Helleborum
525 1095 771 1173 frustra,
819 1113 988 1173 quum
1017 1099 1142 1156 ,iam
1194 1100 1340 1157 cutis
1386 1117 1564 1176 aegra
1607 1101 1865 1178 tumebit,

101 1182 429 1241 Poscentes
475 1179 708 1239 videas:
734 1182 1014 1252 „venienti
1060 1183 1347 1241 occurrite
1388 1183 1624 1242 morbo!

103 1264 182 1323 Et
227 1262 361 1341 quid
406 1279 555 1340 opus
604 1260 845 1322 Cratero
889 1280 1131 1340 magnos
1176 1267 1513 1342 promittere
1558 1264 1826 1326 montes?

101 1347 366 1421 Discite,
418 1362 452 1404 o
499 1345 727 1419 miseri,
776 1355 835 1405 et
881 1363 1085 1405 causas
1131 1348 1469 1422 cognoscite
1515 1366 1736 1408 rerum:

105 1428 259 1504 Quid
305 1445 529 1504 sumus,
584 1437 642 1487 et
689 1428 955 1505 quidnam
999 1430 1205 1487 victuri
1248 1431 1557 1506 gignimur;
1603 1431 1746 1491 ordo

105 1513 250 1588 Quis
293 1512 489 1586 datus,
536 1520 632 1570 aut
673 1520 862 1570 metae
911 1529 1078 1589 quam
1120 1512 1314 1570 mollis
1355 1511 1540 1572 flexus
1586 1522 1643 1584 et
1683 1514 1863 1582 unde3

105 1595 252 1669 Quis
287 1594 493 1654 modus
537 1603 812 1671 argento,
862 1593 997 1671 quid
1038 1594 1128 1653 fas
1174 1604 1413 1672 optare,
1461 1597 1594 1674 quid
1637 1615 1811 1675 asper

103 1677 262 1739 Utile
304 1694 561 1736 nummus
611 1676 814 1754 baben
861 1677 1082 1755 patriae
1132 1680 1398 1756 carisque
1444 1682 1784 1758 propinquis

25 1829 29 1842 ¹
105 1761 391 1835 Quantum
437 1759 674 1836 elargiri
722 1759 960 1827 deceat;
1006 1778 1175 1838 quem
1220 1770 1276 1819 te
1324 1763 1468 1821 deus
1522 1781 1655 1823 esse

72 1841 311 1919 ‘Iussit,
373 1851 431 1901 et
472 1842 713 1902 humana
759 1860 869 1921 qua
915 1852 1080 1921 parte
1124 1843 1350 1903 locatus
1398 1863 1461 1903 es
1506 1847 1562 1905 in
1603 1864 1695 1915 τες

105 1927 320 2002 Disce,
362 1922 477 1986 nec
520 1927 812 2003 invideas,
858 1927 1014 2006 quod
1057 1929 1232 1988 multa
1276 1928 1468 1988 tidelia
1516 1938 1678 2007 putet
1779 1966 1790 1971 ἡ

104 2011 171 2071 In
213 2009 509 2087 locuplete
558 2027 742 2087 penu,
788 1971 1044 2070 defensis
1093 2011 1402 2088 pinguibus
1444 2012 1696 2087 Umbris,

105 2093 182 2152 Et
232 2093 403 2170 piper
447 2101 506 2150 et
550 2110 797 2170 pernae,
843 2092 1019 2153 Marsi
1056 2104 1419 2173 monumenta
1463 2095 1708 2171 clientiS,

106 2175 392 2252 Menaque
436 2176 590 2253 quod
641 2176 821 2253 prima
864 2176 1113 2237 nondum
1156 2177 1442 2237 defecerit
1490 2195 1646 2238 orca

190 2258 298 2317 Hic
344 2258 550 2335 aliquis
597 2258 670 2318 de
718 2268 893 2337 gente
938 2260 1170 2320 hircosa
1210 2263 1604 2321 centurionum

107 2340 304 2401 Dicat:
355 2339 522 2413 Quod
570 2343 710 2401 satis
754 2352 843 2402 est
886 2345 1050 2421 sapio
1091 2344 1257 2412 mihi;
1294 2358 1408 2403 non
1455 2361 1568 2422 ego
1614 2362 1755 2405 curo

106 2424 259 2483 Esse
307 2422 803 2501 quodssArcesilas
847 2430 1289 2506 aerumnosique
1334 2428 1608 2504 Solones,

106 2506 354 2584 Obstipo
403 2508 591 2584 capite
635 2517 694 2566 et
735 2509 980 2585 figentes
1026 2510 1238 2569 lumine
1281 2520 1513 2586 terram,

28 2585 31 2597 ‘
106 2589 396 2649 Murmura
446 2607 615 2667 quum
657 2608 855 2650 secum
900 2601 958 2650 et
1000 2593 1238 2651 rabiosa
1274 2592 1500 2652 silentia
1552 2594 1759 2654 rodunt

107 2673 302 2750 Atque
350 2682 701 2751 exporrecto
749 2676 1086 2734 trutinantur
1125 2674 1306 2735 verba
1353 2675 1592 2752 labello,

107 2756 356 2832 Aegroti
399 2757 616 2815 veteris
657 2757 999 2817 meditantes
1046 2759 1295 2833 somnia,
1341 2759 1514 2837 yiyni

105 2838 201 2899 De
241 2839 424 2900 nihilo
459 2839 740 2916 nihilum,
784 2843 849 2901 in
887 2842 1139 2901 nihilum
1177 2843 1266 2902 m'l
1294 2859 1476 2918 posse
1519 2845 1762 2904 reverti.

1997 450 2065 502 55

1996 864 2065 916 60

1994 1278 2061 1331 65

1995 1691 2062 1744 70

1993 2106 2060 2159 75

106 2921 234 2980 Hoc
264 2930 383 2996 est,
412 2920 565 3000 quod
586 2921 817 3001 palles?
848 2941 949 2983 cur
973 2926 1101 3002 quis
1129 2942 1243 2983 non
1266 2924 1575 3001 prandeat,
1603 2925 1716 2985 hoc
1742 2924 1968 2987 est?-
1987 2937 2058 2991 85

105 3004 207 3063 His
254 3005 501 3082 populus
542 3006 726 3081 ridet,
771 3007 1117 3085 multumque
1161 3016 1360 3066 torosa
1406 3009 1667 3068 iuventus

106 3087 422 3163 Ingeminat
461 3088 739 3148 tremulos
782 3106 923 3149 naso
973 3091 1263 3167 crispante
1308 3090 1639 3150 cachinnos.
1685 3124 1768 3139 -—-

31 3196 35 3203 ·
105 3167 397 3248 Inspice·
369 3211 388 3241 ‚
436 3173 642 3232 nescio
686 3174 836 3250 quid
875 3175 1150 3250 trepidat
1189 3174 1337 3233 mila·
1371 3181 1588 3251 pectus
1629 3182 1686 3235 et
1726 3177 1935 3251 aeqrt‘s

107 3251 415 3314 Faucibus
455 3265 789 3332 exsuperat
825 3259 1042 3334 gravis
1082 3257 1228 3317 hali
1233 3275 1343 3327 us,·
1384 3258 1654 3334 inspice,
1697 3259 1916 3320 sodes!

109 3334 218 3409 Qui
261 3335 397 3395 dicit
438 3337 698 3413 medico,
746 3340 933 3397 iussus
976 3342 1387 3416 requiescere,
1433 3348 1737 3417 postquam

110 3418 301 3479 Tertia
346 3422 696 3499 compositas
745 3422 882 3482 vidit
924 3440 1041 3485 nox
1084 3441 1322 3482 currere
1364 3439 1565 3498 venas,

1988 3350 2060 3404 90
