2409 3825
1075 187 1156 247 lv

96 360 268 421 1080,
284 350 391 413 sed
414 351 547 410 dum
567 351 733 411 abest
759 347 914 428 quod
937 369 1172 412 avemus
1186 396 1204 429 ‚
1236 351 1294 412 id
1319 370 1668 431 exsuperare
1690 353 1914 414 videtur

284 444 512 496 cetera:
536 444 669 514 post
691 431 842 494 aliud
860 478 879 510 ‚
904 453 1031 494 oum
1055 436 1294 513 contigit
1316 434 1489 513 illud,
1511 453 1745 497 avemus
1760 481 1780 513 ‚

284 528 347 578 et
368 519 494 580 sitis
515 535 697 596 aequa
716 526 874 578 tenet
898 520 1029 579 vitai
1051 537 1283 599 semper
1303 512 1525 580 hiantis.

282 611 637 681 posteraque
660 603 719 661 in
740 601 968 663 dubiost
990 603 1269 664 fortunam
1291 621 1458 682 quam
1475 603 1646 663 vehat
1668 613 1825 665 aetas
1842 648 1861 681 ‚

172 685 499 772 Quidve
521 686 667 746 ferat
687 685 853 746 nobis
879 704 1046 749 casus
1067 688 1241 766 quive
1262 689 1449 747 exitus
1469 688 1580 749 inst
1619 696 1661 747 t.

93 777 252 832 1085
280 788 399 840 neo
418 787 681 848 prorsum
700 771 872 829 vitam
895 770 1156 840 «lugendo
1178 770 1450 845 demimus
1473 769 1529 830 ln
1556 790 1590 830 u
1758 820 1777 827 ,
1808 824 1817 829 ,
1840 818 1862 827 ,

234 861 547 953 Δρωροζθ
570 852 642 914 de
664 849 861 925 mortis
885 845 1001 930 neo
1018 853 1273 925 delibare
1297 761 1584 938 valemus;
1631 752 1671 927 5

187 986 198 997 ,
242 955 403 1029 ,quo
424 932 766 998 mmus'esse
786 938 880 997 diu
904 938 1190 1016 pos'simus
1219 937 1368 998 forte
1466 939 1690 1017 rempti.

282 1021 526 1097 proinde
548 1019 936 1100 lieef‘quotvis
959 1021 1204 1082 vivendo
1230 1019 1479 1082 condere
1502 1019 1693 1082 saecla
1698 1043 1743 1101 L
1752 1098 1779 1105 „
1828 1078 1835 1085 .

223 1178 250 1191 ς
281 1120 440 1166 mors
468 1114 699 1166 aeterna
720 1114 904 1166 tamen
923 1105 1038 1166 nilo
1062 1107 1242 1166 minus
1270 1104 1369 1166 illa
1387 1104 1666 1182 manebit,

97 1196 252 1251 1090
280 1206 397 1248 neo
419 1191 603 1251 minus
632 1188 733 1248 ille
756 1188 849 1249 diu
872 1190 981 1249 iam
1001 1207 1115 1250 non
1137 1190 1278 1265 erit,
1303 1207 1379 1249 ex
1403 1188 1680 1249 hodierno

279 1272 495 1333 lumine
521 1274 617 1351 qui
642 1273 808 1332 finem
830 1274 963 1333 vitai
993 1273 1133 1334 feeit
1148 1317 1167 1350 ,
1192 1282 1253 1333 et
1275 1271 1374 1334 ille
1391 1318 1409 1349 ‚

277 1356 575 1418 mensibus
596 1364 765 1434 atque
789 1359 947 1416 annis
970 1357 1066 1436 qui
1087 1355 1278 1416 multis
1305 1355 1514 1415 occidit
1541 1364 1688 1414 ante.

603 1740 1633 1866 r.iu0nnrlclnl

265 1942 457 2056 ΙΙΕ
574 1940 1158 2057 RERUM
1273 1939 1958 2056 NATURA

716 2127 1002 2209 unna
1058 2126 1513 2220 QUARTUS.

913 2303 1294 2310 ——.-—.---—-

263 2424 295 2508 ll
326 2394 483 2504 Avia
506 2441 787 2503 Pieridum
812 2459 1059 2521 peragro
1083 2441 1214 2503 looa
1236 2443 1445 2503 nullius
1468 2453 1598 2504 ante

275 2529 415 2588 trita
436 2525 581 2587 solo.
606 2527 757 2586 iuvat
783 2526 1041 2603 integros
1066 2526 1352 2588 accedere
1375 2527 1549 2587 fontis

280 2619 456 2688 atque
479 2610 703 2670 haurire
718 2655 737 2687 ‚
763 2610 1032 2688 iuvatque
1054 2627 1239 2671 novos
1265 2609 1585 2689 decerpere
1609 2609 1782 2670 flores

278 2695 680 2773 insignemque
701 2710 829 2754 meo
856 2694 1027 2773 capiti
1050 2703 1254 2773 petere
1277 2692 1408 2754 inde
1424 2709 1701 2768 ‚eoronam
1714 2737 1732 2771 ,

218 2789 255 2840 5
282 2777 438 2838 unde
461 2780 618 2857 prius
641 2776 781 2837 nulli
803 2776 1045 2837 velarint
1064 2786 1322 2856 tempora
1343 2794 1568 2844 musae3

280 2863 525 2941 primum
545 2859 700 2940 quod
722 2863 939 2940 magnis
963 2861 1153 2921 doceo
1175 2860 1247 2921 de
1268 2861 1446 2922 rebus
1470 2869 1529 2921 et
1553 2861 1689 2919 artis

277 2943 623 3023 religionum
644 2948 881 3005 animum
904 2945 1066 3005 nodis
1091 2943 1401 3006 exsolvere
1424 2961 1607 3024 pergo
1625 2989 1643 3021 ,

280 3028 491 3089 deinde
515 3028 668 3108 quod
692 3029 938 3090 obseura
960 3028 1032 3089 de
1054 3046 1119 3090 re
1148 3037 1260 3088 tam
1286 3028 1475 3088 lueida
1498 3044 1686 3105 pango

284 3114 563 3190 earmina,
588 3130 820 3173 musaeo
847 3114 1182 3190 contingens
1210 3121 1413 3173 cuneta
1436 3111 1658 3190 lepore.

170 3208 247 3260 lo
277 3194 341 3257 id
363 3213 591 3275 quoque
612 3198 760 3258 enim
780 3213 893 3256 non
912 3195 982 3256 ab
1004 3194 1158 3255 nulla
1179 3198 1397 3256 ratione
1418 3195 1672 3255 videtur:

279 3297 410 3340 nam
431 3278 612 3340 veluti
637 3281 833 3359 pueris
855 3279 1131 3340 absinthia
1152 3288 1333 3342 taetra
1352 3277 1649 3340 medentes

179 3403 196 3408 -
283 3363 569 3437 eumsdare
596 3374 902 3441 conantur,
927 3366 1085 3443 prius
1109 3380 1240 3424 oras
1257 3409 1276 3440 ,
1298 3362 1507 3443 poeula
1533 3364 1748 3436 circum
1763 3405 1784 3439 ‚

131 3436 192 3447 ⁶—-
266 3446 328 3461 --

201 3440 254 3455 ““
280 3449 620 3526 contingunt
641 3446 829 3508 mellis
855 3447 1007 3508 dulei
1032 3447 1294 3525 flavoque
1316 3445 1541 3524 liquore
1557 3489 1576 3522 ,

2036 189 2109 252 91
