2409 3825
180 165 301 228 122
1139 161 1220 220 lv

345 352 480 394 esse
504 332 559 391 in
582 329 802 393 deliciis
832 347 1162 408 summoque
1187 332 1245 388 in
1268 329 1485 390 honore
1509 333 1728 407 vigere.

343 427 514 496 atque
537 414 681 478 alios
706 415 799 475 alii
829 413 1070 473 inrident
1096 413 1499 494 Veneremque
1525 414 1763 475 suadent

181 513 317 565 1150
344 511 403 560 ut
425 499 692 580 placent,
721 499 981 577 quoniam
1003 497 1176 557 foedo
1197 497 1556 558 adflictentur
1575 516 1765 559 amore
1782 545 1827 579 ,

345 603 456 645 nec
482 601 583 645 sua
606 584 921 661 respiciunt
939 582 1130 640 miseri
1152 579 1295 641 mala
1320 582 1554 642 maxima
1576 600 1773 661 saepe.

343 670 504 766 nigra
531 666 836 727 melichrus
862 675 984 742 est,
1011 665 1270 724 inmunda
1292 674 1350 725 et
1372 665 1546 725 fetida
1567 683 1828 727 acosmos
1845 714 1865 744 ,
1912 704 1921 712 -

346 752 535 812 caesia
555 749 860 813 Palladium
876 795 894 826 ,
921 766 1164 809 nervosa
1184 756 1242 808 et
1270 749 1456 826 lignea
1484 748 1687 810 dorcas
1703 797 1719 827 ,

344 834 612 915 parvula,
636 833 905 913 pumilio,
934 833 1187 892 chariton
1212 834 1351 910 mia,
1380 841 1499 892 tota
1520 851 1735 893 merum
1759 834 1876 911 sal,

180 930 315 982 1155
344 937 543 996 magna
566 927 736 997 atque
763 917 994 977 inmanis
1022 915 1338 995 cataplexis
1365 915 1650 996 plenaque
1671 917 1922 978 horroris.

345 1003 513 1063 balba
534 1001 693 1080 loqui
714 1019 827 1061 non
851 1001 1004 1079 quit,
1029 998 1281 1078 tranlizi,
1304 1009 1454 1060 muta
1476 1001 1697 1080 pudens
1722 1012 1842 1062 est:

345 1095 400 1146 at
424 1076 701 1162 flagrans,
726 1084 922 1144 odiosa
940 1082 1321 1162 ,loquacula,
1345 1080 1700 1183 Lampadium
1725 1086 1802 1144 fit.

346 1169 586 1230 ischnon
616 1170 945 1229 eromenion
973 1176 1090 1227 tum
1117 1168 1210 1245 fit,
1243 1186 1368 1249 cum
1391 1170 1588 1229 vivere
1611 1186 1725 1228 non
1749 1170 1866 1248 quit

346 1272 484 1332 prae
504 1255 717 1313 macie:
739 1251 969 1311 rhadine
987 1260 1185 1311 verost
1209 1252 1316 1312 iam
1345 1262 1562 1313 mortua
1585 1253 1747 1314 tussi.

181 1348 318 1402 1160
347 1347 402 1398 at
422 1336 629 1397 tumida
652 1346 709 1397 et
730 1352 1032 1396 mammosa
1054 1332 1238 1396 Ceres
1268 1345 1358 1396 est
1382 1338 1506 1415 ipsa
1529 1337 1599 1397 ab
1622 1335 1864 1414 Iacch0,

349 1420 546 1481 simula
571 1419 762 1479 Silena
788 1437 853 1479 ac
877 1427 1118 1479 saturast
1134 1464 1153 1496 ,
1178 1418 1414 1480 labeosa
1437 1418 1698 1498 philema.

351 1515 545 1566 cetera
568 1503 638 1564 de
667 1520 883 1581 genere
905 1500 1018 1562 hoc
1040 1501 1273 1580 longum
1295 1513 1387 1563 est
1409 1505 1457 1564 si
1486 1503 1681 1564 dicere
1708 1522 1898 1563 coner.

347 1587 454 1650 sed
479 1597 664 1647 tamen
684 1595 812 1647 esto
836 1587 941 1645 iam
966 1588 1264 1664 quantovis
1288 1586 1402 1647 oris
1424 1585 1642 1648 honore
1658 1633 1676 1664 ‚

349 1673 440 1732 cui
461 1672 704 1732 Veneris
728 1670 995 1730 membris
1017 1670 1104 1730 vis
1127 1670 1384 1731 omnibus
1408 1672 1721 1731 exoriatur:

181 1766 316 1820 1165
345 1772 553 1835 nempe
582 1754 725 1814 aliae
750 1771 979 1832 quoque
1009 1764 1167 1815 sunt:
1200 1772 1407 1834 nempe
1433 1753 1540 1814 hac
1563 1757 1686 1838 sine
1707 1756 1947 1814 viximus
1970 1764 2146 1817 ante:

345 1857 552 1939 nempe
579 1837 777 1898 eadem
797 1837 966 1915 facit,
993 1847 1052 1898 et
1073 1839 1286 1898 scimus
1318 1838 1545 1916 facere,
1571 1834 1756 1898 omnia
1783 1840 1967 1917 turpi,

341 1933 408 1985 et
427 1925 689 1983 miseram
712 1923 909 1982 taetris
935 1941 1001 1981 se
1025 1922 1179 1981 suffit
1204 1920 1516 1983 odoribus
1498 1941 1654 2002 ipsa,

236 2043 239 2048 ·
350 2025 515 2087 quam
537 2002 777 2065 famulae
803 2004 977 2082 longe
1005 2005 1244 2083 fugitant
1266 2006 1568 2085 furtimque
1593 2005 1939 2066 cachinnant.

349 2101 403 2151 at
424 2089 719 2150 lacrimans
745 2086 1014 2149 exclusus
1042 2099 1255 2150 amator
1273 2089 1459 2150 limina
1486 2108 1662 2168 saepe

184 2182 320 2238 1170
348 2175 579 2234 floribus
605 2180 662 2232 et
686 2175 854 2233 sertis
884 2175 1068 2251 operit
1095 2176 1394 2272 postisque
1417 2175 1700 2252 superbos

347 2259 547 2335 unguit
572 2259 886 2316 amaracino
910 2266 968 2315 et
993 2256 1212 2318 foribus
1240 2259 1414 2317 miser
1437 2255 1634 2317 oscula
1658 2257 1807 2333 figit;

349 2358 516 2420 quem
540 2341 588 2399 si
615 2341 720 2398 iam
744 2342 900 2400 iussu
921 2342 1244 2402 venientem
1267 2340 1567 2401 offenderit
1589 2358 1720 2402 aura

347 2442 456 2484 una
477 2423 644 2483 modo
660 2468 677 2499 ,
704 2441 903 2484 causas
928 2424 1168 2492 abeundi
1198 2434 1429 2502 quaerat
1451 2423 1720 2484 honestas
1735 2469 1752 2499 ,

350 2518 410 2569 et
429 2506 692 2567 meditata
713 2507 805 2566 diu
829 2506 988 2567 cadat
1010 2505 1123 2567 alte
1146 2517 1366 2586 sumpta
1390 2506 1675 2586 querella,

183 2598 317 2655 1175
351 2591 737 2668 stultitiaeque
758 2590 836 2649 ihi
860 2610 925 2652 se
949 2590 1207 2669 damnet,
1237 2591 1504 2651 tribuisse
1530 2590 1682 2669 quod
1703 2588 1785 2656 illi

347 2676 477 2755 plus
497 2674 686 2734 videat
710 2692 872 2751 quam
892 2675 1111 2734 mortali
1142 2674 1465 2735 concedere
1495 2693 1598 2753 par
1626 2682 1734 2735 est.

345 2778 456 2819 nec
478 2758 738 2817 Veneres
768 2768 991 2818 nostras
1014 2758 1126 2818 hoc
1149 2757 1321 2828 fanin
1354 2776 1467 2837 quo
1497 2760 1675 2835 magis
1700 2759 1859 2836 ipsae

348 2842 530 2902 omnia
550 2858 765 2901 summo
788 2859 966 2920 opere
989 2842 1096 2903 hos
1116 2842 1267 2902 vitae
1289 2843 1595 2922 poscaenia
1618 2839 1838 2917 celant,

350 2943 496 3005 quos
520 2926 769 2984 retinere
790 2924 987 2985 volunt
1010 2925 1428 3004 adstrictosque
1450 2944 1584 2986 esse
1607 2926 1662 2983 in
1689 2942 1879 2984 amore
1895 2970 1912 3001 ,

184 3018 319 3072 1180
347 3009 716 3088 nequiquam,
745 3009 1004 3085 quoniam
1028 3019 1087 3068 tu
1109 3011 1292 3069 animo
1315 3017 1500 3069 tamen
1524 3010 1706 3069 omnia
1727 3009 1919 3105 possis

349 3091 718 3173 protrahere
701 3111 758 3150 m
780 3091 968 3151 lucem
996 3101 1165 3171 atque
1191 3095 1370 3154 omnis
1392 3092 1676 3171 inquirere
1699 3095 1845 3151 risus
1864 3136 1882 3168 ,

348 3187 443 3254 et,
469 3175 519 3236 si
539 3172 695 3235 bello
720 3176 957 3237 animost
981 3186 1039 3237 et
1058 3194 1171 3236 non
1203 3176 1431 3253 odiosa,
1461 3176 1713 3235 vicissim

345 3258 796 3339 praetermittere
822 3268 879 3318 et
901 3259 1154 3320 humanis
1180 3259 1504 3320 concedere
1530 3259 1724 3318 rebus.

427 3340 555 3401 Nec
575 3339 778 3400 mulier
796 3359 1026 3420 semper
1048 3344 1181 3402 licto
1209 3345 1454 3422 suspirat
1476 3359 1665 3402 amore
1685 3387 1702 3418 ,

183 3434 316 3488 1185
351 3443 493 3503 quae
522 3422 803 3500 conplexa
824 3426 929 3482 viri
954 3442 1164 3504 corpus
1190 3442 1315 3483 cum
1341 3442 1584 3504 corpore
1608 3425 1786 3500 iungit
