2409 3825
1061 160 1139 220 iv
1195 236 1207 243 ³
1982 160 2102 225 123

275 340 331 391 et
356 337 515 390 tenet
535 327 787 387 adsuctis
811 335 1101 388 umectans
1132 326 1328 387 oscula
1352 327 1557 389 labris:

273 432 395 473 nam
416 412 554 471 facit
579 429 655 471 ex
677 412 857 470 animo
881 428 1057 489 saepe
1076 457 1095 487 ‚
1119 421 1176 470 et
1202 413 1513 472 communia
1539 430 1821 491 quaerens

275 496 471 575 gaudia
495 493 766 554 sollicitat
787 495 1025 572 spatium
1048 495 1357 555 decurrere
1378 498 1601 556 amoris.

276 599 381 640 nec
410 580 629 639 ratione
659 577 765 637 alia
787 577 1056 637 volucres
1078 587 1326 638 armenta
1351 579 1623 659 feraeque

121 676 249 729 1190
277 674 334 724 et
355 662 611 743 pecudes
637 672 696 722 et
720 678 901 740 equae
924 663 1166 722 maribus
1190 663 1491 723 subsidere
1521 674 1761 742 possunt
1776 677 1814 740 ‚·

278 752 325 809 si
343 765 455 807 non
477 749 603 825 ipsa
620 792 637 822 ,
664 746 813 824 quod
838 744 1062 805 illorum
1085 747 1287 823 sabat,
1325 746 1485 806 ardet
1507 747 1793 808 abundans

273 842 463 892 natura
493 841 551 890 et
581 828 865 890 Venerem
889 829 1183 890 salientum
1205 829 1353 890 laeta
1372 840 1660 892 retractat.

276 933 459 975 nonne
481 913 645 973 vides
671 915 837 974 etiam
862 931 1005 992 quos
1028 923 1215 975 mutua
1239 931 1415 994 saepe
1436 914 1700 994 voluptas

278 1000 489 1075 vinxit,
515 1008 577 1057 ut
606 999 663 1056 in
684 997 889 1058 vinclis
922 999 1309 1058 communibus
1340 999 1784 1060 excrucientur?

110 1094 244 1148 1195
280 1086 335 1142 in
361 1084 543 1143 triviis
566 1100 730 1160 quam
754 1098 930 1160 saepe
957 1099 1128 1142 canes
1145 1127 1163 1158 ‚
1193 1081 1495 1143 discedere
1519 1087 1738 1144 aventis
1754 1130 1772 1161 ‚

278 1168 489 1227 divorsi
514 1165 721 1244 cupide
743 1167 973 1226 summis
999 1184 1075 1225 ex
1094 1166 1295 1226 viribu'
1320 1167 1590 1245 tendunt,

275 1268 443 1330 quom
468 1251 686 1310 interea
709 1249 909 1309 validis
936 1248 1182 1310 Veneris
1213 1252 1581 1328 compagibus
1604 1250 1870 1312 haerent!

277 1334 425 1414 quod
449 1333 707 1393 facerent
736 1352 1035 1413 numquam
1053 1379 1072 1411 ,
1094 1335 1200 1394 nisi
1223 1344 1412 1394 mutua
1433 1335 1635 1412 gaudia
1657 1346 1933 1411 nossent,

276 1437 419 1498 quae
441 1419 633 1478 iacere
656 1419 712 1476 in
733 1415 987 1477 fraudem
1009 1427 1251 1496 possent
1271 1421 1612 1498 vinctosque
1645 1429 1864 1480 tenere.

21 1524 22 1530 ’
102 1517 244 1568 1200
277 1520 450 1583 quare
475 1503 640 1561 etiam
669 1510 838 1580 atque
868 1503 1032 1562 etiam
1051 1548 1068 1580 ,
1093 1512 1153 1562 ut
1177 1501 1308 1562 dico
1327 1549 1345 1580 ,
1381 1513 1471 1562 est
1497 1505 1790 1562 communi'
1813 1502 2097 1581 voluptas.

352 1585 427 1646 Et
452 1587 873 1646 commiscendo
900 1603 1067 1665 quom
1094 1587 1310 1647 semine
1335 1586 1484 1646 forte
1508 1586 1654 1646 virili

274 1671 480 1745 femina
500 1670 614 1729 vim
637 1671 775 1729 vicit
796 1671 980 1730 subita
1001 1670 1057 1729 vi
1086 1671 1471 1750 corripuitque
1491 1717 1509 1748 ‚

273 1764 388 1816 tum
412 1753 628 1815 similes
652 1763 886 1812 matrum
907 1763 1157 1814 materno
1185 1756 1402 1814 semine
1425 1756 1562 1814 fiunt
1579 1801 1597 1832 ‚

272 1848 335 1899 ut
356 1838 609 1919 patribus
632 1839 832 1918 patri0.
861 1838 966 1898 sed
991 1856 1134 1918 quos
1158 1840 1451 1920 utriusque
1481 1840 1694 1918 figurae

21 1985 22 1988 ,
101 1938 242 1989 1205
274 1942 409 1984 esse
430 1923 596 1983 vides
612 1969 630 1999 ‚
660 1925 855 1983 iuxtim
876 1924 1187 1984 miscentes
1212 1922 1367 1984 vulta
1389 1934 1678 2003 parentum
1694 1969 1711 1997 ‚

275 2025 521 2087 corpore
546 2007 615 2066 de
638 2008 820 2086 patrio
843 2016 900 2067 et
921 2017 1173 2068 materno
1197 2010 1470 2085 sanguine
1495 2019 1759 2069 crescunt
1778 2054 1794 2085 ‚

275 2092 492 2152 semina
514 2108 641 2150 cum
669 2089 912 2151 Veneris
943 2091 1181 2153 stimulis
1207 2094 1395 2152 excita
1417 2111 1523 2171 per
1546 2102 1698 2152 artus

274 2176 444 2235 obvia
467 2175 718 2240 conflixit
744 2176 1073 2254 conspirans
1100 2187 1323 2237 mutuus
1346 2177 1543 2255 ardor,

274 2269 336 2319 et
357 2277 547 2337 neque
569 2268 752 2320 utrum
776 2260 1065 2337 superavit
1094 2278 1290 2320 eorum
1314 2279 1427 2321 nec
1449 2268 1849 2340 superatumst

93 2357 241 2408 1210
277 2344 338 2403 fit
360 2360 590 2421 quoque
616 2353 676 2402 ut
696 2343 975 2403 interdum
998 2344 1215 2405 similes
1240 2345 1490 2405 existere
1523 2362 1755 2404 avorum

273 2427 502 2506 possint
524 2434 583 2485 et
603 2427 852 2487 referant
874 2444 1212 2505 proavorum
1235 2446 1411 2508 saepe
1434 2429 1643 2507 figuras

273 2518 587 2590 propterea
612 2512 739 2589 quia
761 2510 938 2572 multa
956 2511 1138 2573 modis
1162 2511 1464 2591 primordia
1485 2512 1673 2573 multis

273 2597 450 2653 mixta
472 2611 579 2654 suo
604 2594 793 2655 celant
813 2596 870 2653 in
892 2612 1137 2674 corpore
1164 2613 1342 2674 saepe
1366 2598 1614 2674 parentis
1634 2642 1653 2673 ‚

276 2695 422 2757 quae
446 2678 699 2756 patribus
722 2688 913 2756 patres
937 2679 1157 2738 tradunt
1180 2680 1251 2739 ab
1274 2680 1453 2757 stirpe
1475 2679 1769 2757 profecta:
1832 2740 1836 2744 .

99 2775 240 2828 1215
274 2762 407 2822 inde
429 2761 628 2822 Venus
650 2764 802 2822 varia
825 2762 1086 2841 producit
1109 2773 1267 2823 sorte
1292 2765 1499 2840 figuras
1517 2809 1535 2841 ‚

275 2846 666 2924 maiorumque
688 2846 867 2906 refert
891 2846 1081 2908 voltus
1105 2865 1403 2926 vocesque
1440 2864 1778 2926 comasque;

276 2928 735 3008 quandoquidem
756 2930 871 2989 nilo
894 2932 1073 3008 magis
1094 2927 1241 2991 haec
1266 2934 1344 2993 de
1366 2932 1581 2993 semine
1608 2942 1769 2991 certo

276 3016 415 3073 fiunt
440 3031 606 3091 quam
632 3013 813 3074 facies
838 3024 895 3075 et
922 3032 1164 3094 corpora
1185 3015 1548 3095 membraque
1578 3018 1744 3077 nobis
1766 3061 1785 3092 ‚

274 3106 337 3156 et
362 3096 641 3157 muliebre
664 3098 841 3157 oritur
863 3100 1045 3177 patrio
1072 3098 1141 3157 de
1167 3100 1384 3159 semine
1406 3097 1660 3160 saeclum
1677 3146 1697 3179 ‚

21 3251 24 3256 ⁵
85 3192 240 3245 1220
274 3189 654 3260 maternoque
678 3200 863 3242 mares
889 3184 1139 3243 existunt
1170 3200 1416 3262 corpore
1444 3185 1605 3243 creti.

21 3263 22 3266 ’
273 3282 513 3344 semper
534 3267 683 3330 enim
709 3276 904 3344 partus
929 3265 1142 3344 duplici
1173 3265 1245 3325 de
1268 3268 1484 3328 semine
1501 3277 1741 3329 ⁴constat
1760 3314 1778 3345 ‚

271 3357 449 3427 atque
476 3350 586 3409 utri
614 3348 853 3410 similest
874 3351 1053 3426 magis
1081 3349 1138 3408 id
1163 3350 1561 3428 quodcumque
1586 3362 1810 3411 creatur
1826 3397 1843 3427 ‚

273 3434 405 3493 eius
428 3432 603 3493 habet
629 3432 759 3511 plus
786 3443 947 3512 parte
977 3451 1190 3511 aequa;
1219 3434 1369 3512 quod
1395 3452 1633 3494 cernere
1659 3437 1849 3513 possis
1867 3479 1885 3510 ‚
