2409 3825
192 180 316 253 148
1159 179 1213 238 V

352 367 462 408 nec
495 350 668 409 vitare
692 347 895 408 malum
914 366 1025 408 nec
1048 366 1273 409 sumere
1298 348 1451 428 quod
1473 348 1621 409 foret
1644 366 1798 408 usus.

353 442 546 491 cetera
575 432 645 492 de
669 449 887 510 genere
915 431 1029 491 hoc
1050 442 1299 493 monstra
1320 451 1388 492 ac
1414 440 1675 511 portenta
1698 432 1960 512 creabat,

352 518 688 594 nequiquam
705 562 723 593 ,
748 517 1012 594 quoniam
1033 524 1228 576 natura
1256 517 1560 577 absterruit
1580 525 1806 577 auctum
1821 564 1839 595 ‚

349 617 459 659 nec
483 610 725 678 potue-re
751 601 999 678 cupitum
1024 601 1225 661 aetatis
1248 610 1485 678 tangere
1510 599 1710 659 florem
2385 638 2395 653 ι

221 691 323 746 845
345 701 455 742 nec
477 685 733 762 reperire
759 685 946 743 cibum
971 702 1081 743 nec
1102 684 1257 761 iungi
1285 702 1392 763 per
1417 682 1660 744 Veneris
1685 701 1800 745 res.

348 766 521 827 multa
544 767 800 828 videmus
831 768 980 826 enim
1006 768 1181 826 rebus
1205 786 1552 829 concurrere
1583 767 1798 828 debere
1817 814 1835 845 ‚

348 859 410 909 ut
438 849 807 930 propagando
831 851 1054 929 possint
1084 852 1408 929 procudere
1431 849 1655 920 saecla;

349 934 556 1009 pabula
585 937 819 1012 primum
842 943 899 993 ut
924 935 1068 1012 sint,
1092 933 1360 1012 genitalia
1383 934 1587 994 deinde
1609 952 1717 1013 per
1736 945 1891 997 artus

349 1020 562 1078 semina
584 1036 692 1096 qua
715 1021 938 1097 possint
960 1019 1228 1079 membris
1251 1036 1474 1080 manare
1495 1020 1733 1080 remissa
1749 1063 1767 1097 ‚

214 1111 322 1164 850
346 1100 668 1181 feminaque
692 1111 752 1161 ut
772 1102 1016 1162 maribus
1042 1104 1308 1180 coniungi
1329 1105 1513 1182 possit
1535 1121 1709 1164 avere
1727 1148 1744 1180 ‚

347 1195 534 1245 mutua
564 1187 657 1263 qui
684 1194 899 1246 mutent
919 1187 1065 1245 inter
1088 1204 1154 1246 se
1176 1185 1377 1264 gaudia
1400 1195 1660 1266 uterque.
2366 1248 2390 1535 Ι

430 1268 721 1346 Multaque
743 1278 859 1329 tum
880 1270 1168 1331 interiisse
1190 1272 1524 1331 animantum
1556 1270 1748 1332 saecla
1769 1281 2075 1333 necessest

257 1355 261 1359 '
347 1372 457 1413 nec
480 1355 739 1432 potuisse
762 1352 1132 1432 propagando
1153 1353 1476 1432 procudere
1501 1355 1740 1433 prolem.

346 1455 470 1496 nam
494 1455 883 1515 quaecumque
906 1437 1069 1497 vides
1091 1440 1255 1498 vesci
1281 1437 1544 1499 vitalibus
1568 1441 1719 1499 auris
1734 1484 1752 1515 ‚

218 1529 322 1582 855
344 1532 438 1582 aut
461 1516 627 1581 dolus
648 1530 741 1580 aut
769 1523 946 1581 virtus
971 1531 1064 1580 aut
1088 1520 1334 1600 denique
1356 1521 1637 1583 mobilitas
1660 1532 1749 1582 est
2092 1568 2105 1573 t

347 1624 423 1665 ex
446 1607 674 1665 ineunte
700 1623 846 1665 aevo
869 1623 1053 1682 genus
1078 1604 1133 1665 id
1159 1615 1334 1666 tutata
1359 1625 1691 1668 reservans:

344 1688 631 1768 multaque
657 1699 824 1766 sunt,
847 1689 1013 1749 nobis
1039 1707 1113 1748 ex
1137 1689 1376 1750 utilitate
1399 1709 1501 1751 sua
1529 1709 1674 1769 quae

349 1773 738 1834 commendata
766 1782 1023 1850 manent,
1056 1773 1269 1834 tutelae
1302 1774 1500 1835 tradita
1522 1783 1771 1835 nostrae.

345 1859 627 1937 principio
651 1875 833 1934 genus
856 1874 989 1917 acre
1019 1855 1250 1918 leonum
1274 1876 1559 1938 saevaque
1584 1857 1775 1919 saecla

213 1949 319 2005 860
340 1951 572 2002 tutatast
592 1943 769 2001 virtus
786 1986 804 2017 ‚
830 1941 1036 2018 volpes
1061 1940 1260 2020 dolus,
1292 1952 1351 2003 et
1373 1943 1508 2021 fuga
1531 1960 1758 2004 cervos.

288 2074 292 2078 .
345 2035 401 2085 at
422 2025 734 2085 levisomna
759 2042 955 2085 canum
979 2024 1090 2085 fido
1116 2044 1244 2085 cum
1264 2037 1506 2106 pectore
1529 2026 1734 2104 corda,

347 2119 405 2169 et
427 2128 610 2187 genus
635 2127 800 2169 omne
825 2107 977 2186 quod
1002 2119 1093 2169 est
1113 2113 1373 2170 veterino
1402 2112 1618 2172 semine
1640 2119 1857 2189 partum
1873 2156 1892 2188 ‚

344 2192 747 2271 lanigeraeque
771 2192 935 2253 simul
957 2191 1216 2272 pecudes
1242 2205 1301 2255 et
1329 2196 1542 2255 bucera
1564 2193 1756 2255 saecla

347 2280 528 2337 omnia
552 2288 682 2337 sunt
709 2276 991 2336 hominum
1020 2277 1234 2338 tutelae
1255 2278 1456 2339 tradita
1471 2325 1489 2356 ‚
1515 2277 1771 2339 Memmi:

215 2368 320 2424 865
345 2378 468 2419 nam
494 2361 698 2439 cupide
724 2358 927 2437 fugere
953 2361 1104 2423 feras
1122 2407 1142 2438 ‚
1172 2380 1489 2441 pacemque
1512 2370 1711 2424 secuta

347 2453 473 2504 sunt
505 2454 563 2504 et
585 2444 741 2524 larga
765 2461 871 2504 suo
895 2446 1017 2504 sine
1041 2446 1249 2524 pabula
1272 2457 1429 2523 parta
1451 2446 1651 2507 labore
1667 2491 1685 2522 ,

347 2546 490 2606 quae
513 2529 703 2589 damus
731 2526 978 2590 utilitatis
1003 2546 1201 2589 eorum
1224 2533 1468 2607 praemia
1495 2547 1685 2591 causa.

302 2604 400 2672 ‘'at
424 2614 547 2689 qu'is
570 2612 648 2671 nil
673 2612 871 2674 horum
885 2612 1092 2672 tribuit
1121 2624 1314 2674 natura
1333 2660 1351 2692 ,
1374 2633 1485 2686 nec
1508 2616 1633 2692 ipsa
1931 2627 1936 2631 ·

346 2707 554 2775 sponte
582 2715 683 2756 sua
705 2706 947 2775 possent
969 2707 1028 2757 ut
1054 2698 1255 2758 vivere
1274 2716 1386 2759 nec
1409 2698 1541 2760 dare
1562 2697 1730 2758 nobis

216 2788 319 2842 870
344 2779 638 2840 utilitatem
659 2781 935 2857 aliquam,
962 2798 1135 2859 quare
1156 2790 1697 2859 pateremufeorum

256 2883 300 2902 “·
343 2864 628 2942 praesidio
650 2873 846 2924 nostro
874 2867 1033 2942 pasci
1057 2882 1241 2942 genus
1266 2885 1516 2945 esseque
1538 2876 1713 2926 tutum
1731 2910 1750 2942 ‚

344 2947 571 3008 scilicet
590 2993 608 3024 ‚
633 2948 779 3008 haec
801 2947 925 3008 aliis
950 2947 1195 3025 praedae
1224 2947 1500 3028 lucroque
1522 2949 1783 3026 iacebant

345 3030 667 3109 indupedita
689 3033 806 3093 suis
830 3027 1092 3092 fatalibus
1116 3031 1299 3099 o'mnia
1323 3033 1527 3093 vinclis
1543 3079 1560 3110 ‚
1936 3064 1957 3098 s

347 3114 530 3175 donec
553 3115 624 3173 ad
644 3117 926 3179 interitum
947 3133 1130 3191 genus
1155 3117 1214 3176 id
1241 3127 1433 3177 natura
1453 3116 1698 3194 redegit.

214 3206 316 3260 875
423 3197 541 3255 Sed
561 3216 749 3274 neque
774 3197 1037 3258 Centauri
1059 3199 1318 3278 fuerunt,
1341 3220 1454 3261 nec
1481 3194 1819 3279 tempor'e'ln
1850 3199 1969 3260 ullo

341 3297 475 3338 esse
507 3291 718 3356 queunt
743 3281 953 3359 duplici
973 3292 1166 3342 natura
1192 3293 1251 3344 et
1277 3302 1523 3362 corpore
1545 3284 1678 3343 bino

342 3379 417 3421 ex
440 3359 773 3439 alienigenis
803 3365 1067 3425 memhris
1096 3378 1389 3447 compacta
1405 3414 1423 3446 ,
1446 3378 1705 3448 potestas

349 3443 480 3503 hinc
503 3444 661 3506 illinc
684 3446 874 3524 parilis
898 3450 1025 3524 quis
1046 3465 1156 3507 non
1182 3470 1494 3530 superesse
1523 3453 1769 3529 potissit.
