2409 3825
209 143 294 207 24
1196 139 1224 198 Ι

380 312 504 370 sive
537 309 698 368 cibos
723 310 901 368 omnis
928 308 1231 366 commixto
1257 323 1503 386 corpore
1528 307 1718 367 dicent

382 412 517 454 esse
542 402 601 451 et
627 392 839 451 habere
864 392 919 449 in
943 409 1007 451 se
1033 408 1337 450 nervorum
1366 408 1606 470 corpora
1631 410 1804 471 parva

379 493 625 554 ossaque
652 485 708 534 et
734 477 956 534 omnino
983 492 1158 534 venas
1183 477 1474 553 partisque
1507 478 1725 536 cruoris
1744 524 1761 554 ,

380 561 477 620 fiet
502 562 582 618 uti
609 560 768 619 cibus
793 559 971 618 omnis
994 604 1011 634 ,
1043 568 1101 618 et
1122 557 1309 619 aridus
1339 569 1396 618 et
1420 558 1608 637 liquor
1639 562 1765 639 ipse
1782 607 1801 637 ‚

241 654 347 710 865
374 662 448 704 ex
469 643 804 721 alienigenis
827 642 1000 701 rebus
1028 652 1291 702 constare
1316 652 1547 720 putetur
1565 690 1582 721 ,

378 728 606 788 ossibus
632 736 690 787 et
713 729 902 786 nervis
932 726 1203 805 sanieque
1237 736 1294 785 et
1318 729 1593 804 sanguine
1620 730 1845 787 mixtim.

375 804 1092 892 praeterea'quaecumque
1117 819 1326 872 eterra
1354 829 1596 890 corpora
1622 822 1887 872 crescunt

375 898 426 959 si
447 897 649 957 suntin
674 897 841 954 terris
859 942 876 972 ‚
905 904 1112 953 terram
1151 903 1415 955 constare
1438 907 1741 956 necessest

378 998 453 1043 ex
475 979 809 1056 alienigenis
827 1026 843 1056 ‚
872 997 1016 1057 quae
1040 980 1210 1038 terris
1237 981 1581 1039 exoriuntur.

244 1071 351 1131 870
373 1062 618 1124 transfer
642 1065 775 1123 item
795 1109 811 1139 ,
835 1063 1072 1122 totidem
1094 1063 1289 1123 verbis
1313 1072 1469 1122 utare
1495 1062 1707 1123 licebit.

376 1150 432 1209 in
454 1147 623 1225 lignis
650 1148 698 1208 si
724 1147 938 1206 flamma
961 1144 1100 1206 latet
1123 1147 1424 1225 fumusque
1453 1149 1708 1225 cinisque
1726 1193 1742 1223 ,

376 1250 450 1294 ex
480 1231 814 1308 alienigenis
844 1232 1154 1291 consistant
1178 1229 1333 1308 ligna
1355 1241 1676 1292 necessest.

376 1325 674 1397 praeterea
697 1314 870 1376 tellus
899 1332 1039 1393 quae
1067 1333 1309 1394 corpora
1336 1334 1577 1394 cumque
1600 1315 1734 1392 alit,
1759 1324 1929 1392 auget

377 1420 450 1462 ex
475 1399 807 1476 alienigenis
827 1445 844 1476 ‚
875 1416 1020 1477 quae
1046 1398 1382 1476 alienigenis
1407 1402 1675 1459 oriuntur.

247 1492 351 1549 875
458 1484 747 1561 Linquitur
768 1483 862 1541 hic
887 1482 1158 1560 quaedam
1180 1483 1430 1543 latitandi
1445 1478 1620 1563 ‘copia
1645 1486 1827 1543 tenvis
1848 1529 1864 1560 ‚

377 1568 431 1627 id
459 1567 610 1647 qnod
628 1568 993 1644 Anaxagoras
1021 1567 1128 1627 sibi
1152 1569 1349 1644 sumit,
1376 1577 1437 1627 ut
1463 1568 1717 1627 omnibus
1742 1569 1918 1627 omnis

378 1672 474 1712 res
498 1661 660 1731 putet
689 1652 944 1712 lnmixtas
968 1651 1141 1710 rebus
1167 1650 1388 1711 latitare
1408 1698 1426 1729 ‚
1451 1652 1554 1711 sed
1578 1651 1716 1710 illud

383 1754 660 1816 apparere
689 1753 857 1794 unum
879 1782 896 1813 ,
926 1736 1086 1796 cuius
1111 1737 1223 1795 sint
1247 1734 1485 1814 plurima
1505 1738 1674 1795 mixta

377 1831 435 1882 et
459 1822 636 1898 magis
667 1822 722 1877 in
745 1829 1010 1899 promptu
1035 1821 1327 1898 primaque
1351 1821 1407 1878 in
1431 1820 1616 1880 fronte
1640 1819 1841 1879 locata.

249 1913 352 1970 880
381 1904 530 1985 quod
555 1915 740 1964 tamen
763 1923 794 1963 a
822 1923 959 1965 vera
982 1902 1157 1981 longe
1184 1905 1403 1964 ratione
1428 1902 1792 1984 repulsumst.

381 1989 757 2050 conveniebat
782 1991 928 2048 enim
953 1988 1151 2065 fruges
1180 2005 1410 2081 quoque
1436 2006 1612 2068 saepe
1630 2035 1646 2065 ,
1671 1991 1872 2048 minaci

375 2074 584 2134 robore
616 2091 742 2132 cum
764 2075 880 2133 saxi
904 2073 1234 2149 franguntur
1254 2118 1273 2149 ‚
1308 2073 1532 2132 mittere
1558 2074 1777 2150 signum

377 2159 664 2235 sanguinis
690 2167 781 2217 aut
794 2155 1014 2235 'aliquid
1031 2203 1049 2234 ‚
1075 2165 1275 2215 nostro
1301 2175 1445 2235 quae
1474 2173 1718 2236 corpore
1742 2156 1993 2226 aluntur;

379 2260 508 2303 cum
529 2240 700 2320 lapidi
724 2240 970 2320 lapidem
992 2242 1226 2302 terimus
1249 2287 1266 2319 ,
1290 2259 1516 2302 manare
1540 2259 1815 2301 cruorem.

245 2333 349 2390 885
383 2324 658 2387 consimili
682 2328 900 2384 ratione
923 2325 1131 2385 herbas
1159 2343 1388 2405 quoque
1421 2344 1597 2406 saepe
1622 2326 1862 2386 decebat

377 2421 435 2472 et
461 2409 645 2471 laticis
670 2409 852 2470 dulcis
877 2419 1065 2488 guttas
1090 2409 1371 2488 similique
1398 2428 1603 2490 sapore

376 2498 598 2555 mittere
615 2541 631 2571 ‚
658 2492 944 2570 lanigerae
971 2493 1120 2571 quali
1146 2504 1275 2554 sunt
1300 2494 1475 2553 ubere
1501 2492 1663 2553 lactis
1685 2538 1701 2569 ,

378 2578 636 2654 scilicet,
663 2586 722 2637 et
744 2577 932 2656 glebis
953 2583 1228 2637 terrarum
1254 2596 1429 2657 saepe
1454 2578 1630 2637 friatis

375 2663 674 2723 herbarum
696 2680 909 2740 genera
937 2670 995 2721 et
1019 2660 1217 2739 fruges
1243 2661 1590 2740 frondesque
1617 2660 1795 2720 videri

242 2753 352 2814 890
378 2748 669 2827 dispertita
692 2749 839 2805 inter
860 2756 1065 2805 terram
1088 2745 1305 2804 latitare
1331 2747 1538 2805 minute
1555 2792 1572 2824 ,

376 2839 665 2911 postremo
691 2832 746 2889 in
769 2829 937 2908 lignis
963 2832 1211 2889 cinerem
1237 2829 1558 2908 fumumque
1581 2829 1759 2888 videri
1774 2873 1791 2904 ,

375 2933 502 2975 cum
523 2912 843 2994 praefracta
867 2914 1093 2992 forent,
1118 2913 1383 2992 ignisque
1407 2913 1588 2974 latere
1612 2916 1870 2972 minutos.

375 3016 615 3078 quorum
635 2997 712 3056 nil
739 2997 859 3057 fieri
885 2999 1144 3077 quoniam
1166 2997 1460 3058 manifesta
1484 2998 1654 3057 docet
1675 3017 1792 3073 reS,

373 3085 526 3144 scire
552 3081 693 3142 licet
715 3098 827 3140 non
850 3101 985 3143 esse
1012 3083 1065 3141 in
1087 3081 1263 3143 rebus
1287 3100 1383 3142 res
1406 3084 1481 3142 ita
1502 3084 1700 3141 mixtas
1718 3128 1735 3159 ,

180 3229 189 3236 ,
242 3173 346 3231 895
377 3183 574 3226 verum
597 3167 811 3226 semina
833 3163 1171 3226 multimodis
1195 3167 1424 3226 inmixta
1443 3165 1623 3225 latere

371 3248 667 3309 multarum
689 3265 875 3309 rerum
899 3251 953 3307 in
977 3251 1152 3311 rebus
1179 3252 1492 3311 communia
1514 3249 1726 3309 debent

447 3324 551 3390 ‘At
574 3349 753 3410 saepe
774 3333 831 3390 in
853 3334 1068 3409 magnis
1095 3334 1153 3393 lit
1177 3334 1479 3395 montibus'
1504 3324 1717 3413 inquis‘
1732 3342 1788 3392 ut
1811 3331 1937 3392 altis

371 3415 671 3475 arboribus
701 3414 885 3473 vicina
912 3419 1197 3476 cacumina
1222 3434 1433 3478 summa
1456 3425 1709 3476 terantur
