2409 3825
262 219 343 286 12
1245 220 1271 282 1

268 455 273 462 ,
295 401 399 456 406
419 391 648 452 naribus
670 391 958 451 inveniunt
979 392 1222 450 intectas
1249 389 1450 451 fronde
1476 393 1702 471 quietes
1718 436 1738 469 ‚

428 493 555 536 cum
577 473 757 535 semel
778 476 1098 534 institerunt
1123 475 1366 552 vestigia
1392 484 1547 534 certa
1577 477 1720 552 viai,

426 561 513 618 sic
536 557 648 618 alid
673 575 747 618 ex
770 556 880 618 alio
904 575 1009 636 per
1032 566 1089 616 te
1115 566 1236 617 tute
1265 559 1391 636 ipse
1413 558 1614 618 videre

425 641 630 702 talibus
652 643 708 700 in
731 642 905 702 rebus
927 642 1153 720 poteris>
1173 658 1493 722 caecasque
1516 641 1762 702 latebras

426 727 708 786 insinuare
734 727 912 785 omnis
944 734 1001 784 et
1035 742 1233 784 verum
1254 725 1587 802 protrahere
1612 725 1759 784 inde.

299 819 405 873 410
426 808 579 888 quod
601 811 650 869 si
673 810 913 888 pigraris
933 807 1234 887 paulumve
1257 811 1578 868 recesseris
1602 809 1769 868 abre
1789 856 1804 885 ‚

426 893 539 955 hoc
567 893 665 952 tibi
691 891 761 952 de
785 891 953 970 plano
977 909 1213 970 possum
1236 893 1566 970 promittere
1588 938 1605 970 ,
1635 891 1890 952 Memmi:

426 994 610 1055 usque
635 975 778 1036 adeo
802 974 974 1054 largis
999 976 1232 1036 haustos
1263 994 1296 1035 e
1320 974 1569 1035 fontibus
1592 977 1765 1035 amnis

427 1060 617 1138 lingua
640 1078 767 1120 meo
800 1061 989 1120 suavis
1015 1059 1112 1119 diti
1136 1060 1210 1120 'de
1244 1067 1485 1137 pectore
1517 1057 1745 1135 fundet,

429 1153 487 1204 ut
511 1162 713 1203 verear
735 1162 807 1203 ne
832 1143 987 1203 tarda
1008 1145 1164 1222 prius
1187 1161 1295 1222 per
1316 1144 1565 1202 membra
1589 1152 1858 1214 senectus

296 1236 399 1290 415
423 1238 616 1306 serpat
642 1230 778 1288 etin
801 1227 964 1287 nobis
988 1229 1120 1287 vitai
1147 1225 1392 1287 claustra
1414 1226 1701 1302 resolvat,

430 1328 593 1391 quam
615 1311 715 1372 tibi
740 1310 811 1370 de
837 1313 1031 1390 quavis
1057 1328 1166 1369 una
1190 1329 1253 1370 re
1276 1311 1537 1371 versibus
1565 1312 1743 1370 omnis

426 1405 881 1473 argumentorum
903 1397 976 1454 sit
1001 1396 1166 1473 copia
1192 1395 1364 1454 missa
1385 1403 1493 1473 per
1519 1396 1685 1453 auris.

513 1476 631 1537 Sed
652 1496 802 1538 nunc
824 1487 885 1537 ut
908 1486 1163 1557 repetam
1189 1489 1456 1556 coeptum
1477 1486 1786 1557 pertexere
1809 1475 1973 1537 dictis
1991 1522 2012 1555 ‚

430 1563 609 1621 omnis
628 1607 645 1639 ,
670 1572 731 1622 ut
757 1571 879 1638 est,
913 1563 1084 1639 igitur
1106 1580 1214 1640 per
1236 1581 1300 1622 se
1327 1571 1519 1621 natura
1548 1560 1761 1620 duabus

298 1655 404 1709 420
431 1647 682 1707 constitit
709 1648 764 1704 in
786 1646 993 1706 rebus:
1021 1663 1146 1705 nam
1175 1662 1418 1724 corpora
1441 1655 1567 1705 sunt
1585 1691 1600 1722 ,
1634 1654 1692 1704 et
1712 1646 1874 1703 inane
1891 1690 1908 1722 ,
1948 1691 1952 1696 .

428 1729 573 1790 haec
602 1732 658 1788 in
682 1747 794 1809 quo
819 1732 926 1789 sita
948 1740 1077 1790 sunt
1100 1739 1158 1790 et
1181 1747 1292 1809 qua
1313 1728 1538 1790 diversa
1560 1737 1871 1789 moventur.
1903 1790 1919 1798 ⁴
2019 1727 2027 1733 ’

429 1831 639 1891 corpus
662 1817 809 1872 enim
837 1831 944 1891 per
967 1832 1031 1873 se
1059 1815 1366 1873 communis
1394 1812 1617 1873 dedicat
1644 1830 1777 1871 esse

431 1915 669 1965 sensus3
702 1897 790 1958 cui
816 1898 921 1956 nisi
948 1899 1125 1976 prima
1151 1896 1291 1956 fides
1315 1894 1541 1956 fundata
1561 1895 1807 1973 valebit,

429 1980 561 2040 haut
583 1982 690 2039 erit
717 1978 958 2039 occultis
984 1979 1054 2039 de
1073 1980 1247 2039 rebus
1273 1996 1385 2058 quo
1406 1979 1728 2038 referentes
1805 1984 1814 1992 '

300 2073 399 2127 425
428 2063 759 2123 confirmare
785 2064 948 2122 animi
976 2064 1276 2142 quicquam
1296 2064 1512 2122 ratione
1539 2078 1826 2140 queamus.

428 2156 544 2207 tum
568 2164 740 2225 porro
769 2145 933 2207 locus
964 2165 1031 2207 ao
1053 2148 1295 2225 spatium
1313 2192 1331 2224 ‚
1357 2144 1507 2224 quod
1531 2148 1693 2205 inane
1719 2163 1987 2205 vocamus
2007 2193 2024 2221 ‚

428 2233 477 2291 si
506 2229 719 2289 nullum
744 2230 894 2290 foret
911 2276 929 2308 ,
954 2231 1085 2290 haut
1116 2248 1351 2309 usquam
1376 2232 1480 2290 sita
1503 2246 1744 2309 corpora
1764 2239 2004 2308 possent

428 2333 565 2375 esse
595 2333 783 2393 neque
810 2316 1032 2374 omnino
1055 2332 1337 2393 quoquam
1366 2314 1589 2374 diversa
1610 2331 1829 2382 meare;

430 2397 485 2457 id
511 2398 661 2478 quod
685 2400 794 2457 iam
818 2416 1026 2477 supera
1048 2400 1148 2459 tibi
1171 2398 1342 2477 paulo
1368 2398 1713 2458 ostendimus
1736 2409 1880 2458 ante.

295 2491 401 2545 430
423 2491 721 2562 praeterea
745 2480 822 2541 nil
850 2482 1113 2561 estquod
1136 2484 1329 2561 possis
1353 2482 1546 2542 dicere
1570 2483 1639 2542 ab
1667 2484 1814 2542 omni

431 2584 675 2646 corpore
700 2568 1014 2627 seiunctum
1040 2577 1441 2647 secretumque
1471 2585 1606 2627 esse
1637 2567 1706 2637 ab
1730 2567 1908 2643 inani,

429 2650 581 2730 quod
605 2651 763 2731 quasi
784 2652 949 2711 tertia
971 2652 1043 2711 sit
1065 2669 1299 2712 numero
1321 2661 1514 2712 natura
1534 2659 1779 2729 reperta.

427 2753 552 2794 nam
575 2734 971 2815 quodcumque
997 2737 1134 2811 erit,
1167 2754 1301 2795 esse
1324 2733 1533 2814 aliquid
1555 2734 1786 2795 debebit
1808 2733 1863 2791 id
1893 2735 2107 2812 ipsum3

430 2821 520 2879 cui
547 2822 595 2878 si
619 2828 802 2879 tactus
828 2821 936 2879 erit
960 2820 1212 2896 quamvis
1235 2817 1379 2879 levis
1406 2820 1763 2897 exiguusque
1780 2864 1797 2896 ,

298 2909 402 2964 435
427 2904 688 2980 augmine
710 2900 804 2960 vel
830 2901 1026 2979 grandi
1049 2901 1145 2960 vel
1169 2920 1345 2982 parvo
1371 2901 1614 2981 denique
1632 2947 1649 2979 ,
1676 2901 1804 2960 dum
1828 2903 1933 2977 sit,

429 2986 687 3064 corporis
710 2986 941 3062 augebit
964 3003 1254 3045 numerum
1283 3003 1663 3064 summamque
1689 2995 1989 3064 sequetur:

426 3071 513 3129 sin
535 3067 787 3128 intactile
813 3070 920 3128 erit
935 3115 953 3147 ,
978 3068 1132 3129 nulla
1155 3068 1227 3130 de
1250 3079 1412 3149 parte
1438 3068 1590 3149 quod
1611 3068 1779 3128 ullam

425 3169 545 3212 rem
568 3152 876 3231 prohibere
900 3161 1072 3231 queat
1091 3172 1198 3233 per
1221 3173 1286 3214 se
1310 3156 1548 3214 transire
1574 3161 1852 3212 meantem
1868 3198 1887 3231 ‚

425 3234 652 3296 scilicet
668 3282 685 3310 ‚
719 3235 832 3295 hoc
859 3236 919 3314 id
941 3238 1081 3313 erit,
1105 3255 1345 3297 vacuum
1371 3237 1522 3317 quod
1545 3239 1708 3297 inane
1732 3254 2021 3297 vocamus.

295 3327 401 3380 440
420 3327 717 3398 praeterea
738 3337 844 3399 per
865 3339 932 3380 se
957 3320 1109 3401 quod
1133 3339 1375 3400 cumque
1399 3323 1536 3399 erit,
1561 3329 1654 3380 aut
1676 3320 1848 3381 faciet
1871 3321 2005 3400 quid

425 3411 519 3462 aut
541 3401 664 3464 aliis
691 3403 849 3480 fungi
872 3403 1106 3465 debebit
1129 3405 1430 3482 agentibus
1449 3407 1633 3483 ipsum
1650 3450 1667 3479 ,

422 3494 518 3546 aut
541 3488 647 3546 erit
667 3496 727 3546 ut
749 3489 971 3566 possint
992 3490 1047 3545 in
1071 3506 1142 3547 eo
1166 3505 1263 3548 res
1292 3506 1426 3548 esse
1451 3488 1720 3565 gerique:

2395 1225 2407 1664 -——-—--——
