2409 3825
763 180 932 232 xxv.
1004 180 1314 233 armeus.
1357 176 1509 229 5-7.
1967 168 2092 235 103

166 317 603 404 principatum
665 315 1074 403 eloquentiae
1133 318 1424 403 tenebat,
1489 321 1566 384 ut
1603 317 1837 402 ‚intelle
1888 319 1903 334 '
1962 340 2102 387 non

164 407 416 488 posset,
470 406 618 470 uter
658 422 806 468 eum
845 403 995 488 plus
1036 401 1151 468 dili
1198 406 1364 486 eret,
1417 400 1641 469 Oieero
1694 425 1781 469 an
1889 407 2126 471 ortem.

166 487 335 554 siunt
390 490 457 553 et
499 486 598 571 id,
651 486 826 572 quod
880 491 1021 553 erat
1116 486 1130 502 ⁶
1211 487 1522 552 eillimum
1531 536 1551 571 ,
1606 486 1952 572 efficiebat,
2005 494 2098 574 ut,

159 570 2098 743 {ffie‘tuss'ssffiffifflffifflffssssff²ssisstffl¹⁸03355

334 738 419 805 In
456 760 529 805 re
580 739 841 824 publiea
877 740 974 805 ita
1015 744 1115 805 est
1153 742 1476 824 versatus,
1525 743 1617 806 ut·
1638 759 1894 826 semper
1935 741 2099 829 opti·
2128 741 2173 808 6

160 844 419 890 marum
459 824 741 908 partium
784 827 852 889 et
891 827 1061 889 esset
1100 827 1168 889 et
1209 824 1704 908 existimaretur,
1753 845 1964 910 neque
2003 831 2099 890 ta-

158 928 320 977 men
372 928 443 974 se
494 907 792 975 civilibus
851 907 1153 975 fluetibus
1216 908 1676 994 committeret,
1733 909 1907 994 quod
1960 931 2099 976 non

157 992 375 1079 magis
430 1013 540 1057 eos
581 992 655 1057 in
705 1013 824 1058 sua
862 994 1183 1077 potestate
1226 992 1631 1059 existimabat
1672 1014 1827 1079 esse,
1872 994 1986 1079 qui
2026 1016 2096 1060 se

157 1075 268 1143 his
313 1074 666 1160 dedissent,
718 1097 910 1161 quam
953 1076 1067 1161 qui
1106 1077 1446 1142 maritimis
1486 1076 1894 1159 iaetarentur.
1981 1078 2094 1145 ho·
2121 1090 2154 1140 2

154 1180 359 1227 nores
398 1181 536 1227 non
577 1159 810 1251 petiit,
849 1181 997 1247 Q
1049 1160 1112 1226 ei
1152 1165 1452 1246 paterent
1489 1165 1756 1247 propter
1807 1163 1911 1228 vel
1952 1184 2097 1250 grae

154 1244 325 1311 tiam
351 1245 457 1311 vel
485 1244 897 1343 dignitatem:
939 1244 1115 1331 quod
1139 1266 1351 1344 neque
1392 1247 1531 1344 peti
1570 1268 1750 1346 mpre
1778 1247 2095 1345 maiorum

158 1435 270 1480 m
285 1329 2094 1513 flssusoetzfflpsszffitpzfffffizhgssgssffitum&

155 1496 453 1584 peneulo
482 1501 801 1583 eorruptis
827 1501 1108 1563 civitatis
1134 1497 1442 1564 moribus.
1498 1496 1582 1563 ad
1607 1497 1861 1569 hastam
1885 1499 2093 1585 publi·
2121 1508 2155 1559 3

158 1603 309 1650 cam
365 1602 721 1666 numquam
787 1583 1071 1648 accessit.
1173 1581 1420 1648 nullius
1479 1582 1576 1648 rei
1636 1602 1848 1668 neque
1907 1603 2096 1668 praes

157 1686 379 1752 neque
418 1687 723 1752 manceps
763 1665 975 1732 facins
1016 1669 1132 1732 est.
1203 1665 1531 1733 neminem
1570 1686 1782 1751 neque
1823 1687 1941 1733 suo
1980 1688 2094 1733 no-

158 1752 341 1818 mine
380 1770 593 1836 neque
635 1749 1043 1817 subscribens
1083 1750 1435 1817 accusavit:
1485 1751 1558 1816 in
1598 1751 1700 1817 ius
1745 1750 1825 1817 de
1865 1773 1985 1818 sua
2023 1773 2094 1818 re

157 1855 521 1921 numquam
575 1834 683 1901 iit:
748 1834 1057 1901 iudicium
1105 1834 1361 1901 nullum
1409 1834 1657 1902 habuit.
1741 1835 2095 1902 multorum
2119 1844 2156 1895 4

157 1921 504 1992 consulum
549 1923 1047 2006 praetorumque
1095 1919 1534 2005 praefecturas
1574 1920 1818 1990 delatas
1861 1920 1954 1987 sie
1994 1942 2097 1988 ae·

157 2006 365 2156 ἕξρίξί
398 2008 476 2070 nt
512 2005 840 2155 Issgmtffiem
878 2004 951 2070 in
1006 2003 1412 2154 ffimd
1420 2004 1507 2072 sit
1530 2005 2095 2156 seeutpshllliotngge

237 2111 334 2155 en
405 2109 530 2155 eon
594 2109 642 2154 n
829 2109 960 2155 rei.
1285 2110 1316 2154 s
1528 2110 1702 2155 enen
1887 2111 1923 2155 e
2077 2112 2093 2154 z

159 2174 279 2257 qui
321 2193 407 2239 ne
448 2193 596 2239 eum
625 2137 866 2249 Quinto
909 2171 1171 2258 quidem
1215 2110 1525 2240 Oieergrsixe’
1565 2173 1846 2240 voluerit
1886 2173 1983 2241 ire
2021 2174 2096 2240 in

157 2257 410 2342 Asiam,
453 2257 798 2408 οᾞξιιᾱ
837 2278 988 2324 eum
1028 2257 1227 2343 legati
1268 2258 1483 2324 locum
1523 2258 1815 2334 obtinere
1855 2262 2095 2344 posset.

158 2362 300 2409 non
356 2341 533 2408 enim
700 2362 807 2408 ere
867 2361 939 2407 se
1003 2342 1466 2426 arbim-abatur,
1528 2362 1676 2424 eum
1726 2346 2095 2429 praeturam

160 2446 392 2513 gerere
419 2426 766 2511 noluisset,
806 2425 1115 2492 asseclam
1157 2447 1296 2491 esse
1335 2428 1666 2510 praetoris.
1740 2448 1871 2512 qua
1908 2428 1981 2493 in
2021 2449 2092 2493 re
2120 2436 2153 2487 5

27 2589 30 2596 ¹
84 2541 89 2546 ·
157 2531 303 2610 non
343 2510 557 2577 solum
598 2505 903 2609 dignitati
943 2510 1291 2593 serviebat,
1345 2509 1458 2576 sed
1498 2512 1694 2577 etiam
1732 2511 2095 2597 tranquilli·

157 2597 306 2680 tae,
351 2594 925 2680 eumeuspieiones
967 2613 1226 2679 quoque
1256 2592 1493 2661 vitaret
1532 2594 1890 2660 eriminum.
1963 2615 2093 2679 quo

158 2678 364 2747 fiebat
402 2682 480 2744 ut
520 2679 657 2745 eius
688 2677 1099 2745 observantia
1137 2676 1439 2744 omnibus
1470 2682 1638 2744 esset
1678 2679 1903 2761 carior,
1946 2700 2096 2750 eum

159 2784 310 2832 eam
366 2762 582 2829 officio
595 2811 615 2847 ,
661 2783 800 2828 non
837 2762 1061 2828 timori
1098 2781 1312 2846 neque
1354 2762 1493 2847 spei
1532 2761 1735 2828 tribui
1784 2762 2093 2829 viderent.

331 2846 572 2913 Incidit
609 2845 1066 2913 Caesarianum
1107 2846 1299 2912 civile
1337 2846 1599 2929 bellum,
1642 2866 1791 2945 Q
1831 2846 2099 2913 haberet
2126 2846 2165 2912 ⁷

157 2952 372 3000 annos
414 2931 668 2998 circiter
709 2931 1063 3016 sexaginta.
1150 2952 1305 2996 usus
1349 2934 1447 2996 est
1488 2934 1716 2996 aetatis
1757 2932 2094 2997 vacatione

155 3037 374 3104 neque
438 3037 509 3082 se
573 3036 901 3100 quoquam
965 3014 1171 3081 movit
1237 3035 1315 3079 ex
1377 3015 1556 3080 urbe.
1652 3036 1817 3100 quae
1873 3014 2094 3080 amicis

156 3101 295 3168 suis
339 3121 503 3185 opus
543 3098 805 3166 fuerant
843 3098 928 3165 ad
951 3097 1335 3183 Pompeium
1362 3098 1932 3184 proficiscentibus,
1961 3120 2095 3164 om·

154 3186 273 3253 nia
319 3205 419 3251 ‚ex
481 3204 600 3252 sua
655 3205 727 3250 re
788 3182 1095 3249 familiari
1161 3182 1368 3249 dedit:
1432 3182 1648 3268 ipsum
1709 3182 2094 3268 Pompeium

155 3269 582 3358 coniunctum
646 3289 784 3334 non
838 3267 1123 3333 offendit.
1220 3268 1475 3333 nullum
1534 3266 1616 3333 ab
1680 3287 1758 3332 eo
1810 3266 2092 3332 habebat
2118 3279 2151 3328 2

154 3356 645 3437 ornamentum,
700 3356 777 3419 ut
826 3352 1055 3437 ceteri,
1108 3351 1224 3436 qui
1273 3372 1391 3435 per
1444 3372 1593 3416 eum
1647 3354 1762 3416 aut
1812 3350 2093 3416 honores

154 3442 276 3510 aut
347 3437 610 3506 divitias
681 3441 1012 3523 ceperant:
1085 3456 1363 3521 quorum
1424 3436 1661 3519 partim
1723 3432 2093 3500 invitissimi
