2409 3825
1192 190 1241 250 ll
2129 190 2216 260 ³?

377 356 531 437 quod
549 357 662 418 nisi
684 356 970 443 declinare
1002 357 1293 434 solerent,
1320 361 1504 418 omnia
1525 359 1787 421 deorsum
1802 404 1824 438 ‚

375 441 568 501 imbris
597 442 679 500 uti
706 450 933 519 guttae,
961 441 1230 501 caderent
1251 459 1360 520 per
1381 443 1546 502 inane
1574 443 1941 524 profundum,

376 544 485 584 nec
511 524 664 584 foret
684 524 939 585 offensus
961 534 1124 584 natus
1144 542 1256 585 nec
1282 524 1450 603 plaga
1473 536 1662 587 creata

377 609 707 686 principiis:
728 609 806 667 ita
829 606 907 666 nil
932 626 1191 687 umquam
1215 618 1409 668 natura
1434 619 1711 672 creasset.

256 701 353 753 225
461 692 629 764 Quod
658 693 708 751 si
731 690 879 751 forte
901 691 1103 769 aliquis
1130 692 1314 752 credit
1341 695 1601 771 graviora
1621 703 1861 774 potesse

380 791 622 853 corpora
641 819 659 851 ‚
690 792 803 852 quo
829 776 995 835 citius
1016 785 1236 835 rectum
1259 778 1551 855 perinane
1575 778 1860 856 feruntur,

374 858 630 919 incidere
659 877 732 918 ex
755 877 971 938 supero
991 858 1303 920 levioribus
1319 905 1337 936 ‚
1369 869 1542 939 atque
1560 863 1638 923 ita
1655 860 1860 944 plagas

274 996 285 1005 .
375 944 617 1020 gignere
638 987 655 1018 ‚
683 961 828 1021 quae
850 945 1076 1022 possint
1097 943 1361 1021 genitalis
1381 944 1626 1006 reddere
1652 956 1838 1007 motus
1854 993 1871 1024 ‚

374 1029 532 1086 avius
556 1043 590 1085 a
609 1043 745 1084 vera
767 1026 941 1104 longe
969 1029 1186 1087 ratione
1209 1027 1446 1088 recedit.

250 1117 350 1172 230
370 1127 497 1169 nam
520 1127 628 1188 per
648 1127 822 1188 aquas
847 1128 1239 1189 quaecumque
1263 1111 1468 1171 cadunt
1494 1121 1663 1192 atque
1685 1120 1818 1174 aera
1841 1132 2024 1176 rarum
2040 1162 2062 1194 ,

371 1194 516 1253 haec
542 1210 647 1272 pro
670 1192 1017 1271 ponderibus
1042 1196 1210 1255 casus
1234 1193 1491 1255 celerare
1517 1207 1822 1259 necessest

371 1286 679 1355 propterea
703 1278 832 1355 quia
857 1295 1066 1357 corpus
1095 1296 1275 1358 aquae
1300 1288 1607 1358 naturaque
1635 1283 1820 1345 tenvis

371 1362 522 1421 aeris
553 1359 684 1420 haut
704 1371 945 1439 possunt
967 1380 1151 1441 aeque
1171 1380 1296 1423 rem
1318 1381 1598 1442 quamque
1617 1367 1821 1425 morari
1837 1411 1854 1442 ‚

371 1444 475 1505 sed
499 1445 665 1504 citius
694 1444 902 1505 cedunt
924 1447 1278 1523 gravioribus
1304 1457 1669 1526 exsuperata:

250 1535 347 1589 235
373 1538 429 1588 at
452 1537 648 1588 contra
669 1526 810 1588 nulli
832 1529 905 1589 de
924 1528 1078 1589 nulla
1099 1539 1261 1609 parte
1283 1548 1472 1610 neque
1501 1530 1619 1592 ullo

368 1623 629 1691 tempore
655 1613 816 1672 inane
840 1623 1037 1691 potest
1056 1632 1296 1675 vacuum
1319 1615 1634 1675 subsistere
1663 1617 1748 1674 rei
1763 1661 1780 1692 ‚

370 1698 499 1775 quin
518 1741 536 1774 ‚
569 1712 671 1755 sua
697 1696 851 1775 quod
868 1706 1061 1759 natura
1083 1700 1226 1777 petit
1246 1743 1264 1774 ‚
1298 1697 1620 1757 concedere
1643 1710 1873 1776 pergat:

370 1781 553 1839 omnia
576 1789 927 1859 quapropter
944 1780 1155 1841 debent
1177 1800 1286 1861 per
1306 1783 1469 1843 inane
1493 1784 1740 1859 quietum

372 1881 555 1944 aeque
581 1862 931 1944 ponderibus
957 1881 1072 1926 non
1098 1867 1298 1945 aequis
1322 1867 1545 1928 concita
1571 1864 1723 1934 ferri.

248 1956 346 2010 240
374 1948 520 2008 haud
549 1949 722 2024 igitur
742 1957 1010 2026 poterunt
1032 1949 1345 2012 levioribus
1369 1950 1623 2012 incidere
1646 1969 1904 2031 umquam

369 2051 443 2092 ex
466 2050 679 2111 supero
704 2035 963 2109 graviora
978 2079 997 2110 ,
1025 2053 1216 2114 neque
1241 2036 1389 2096 ictus
1415 2036 1655 2112 gignere
1677 2054 1786 2114 per
1808 2057 1874 2097 se
1889 2083 1906 2112 ‚

368 2118 465 2195 qui
488 2117 706 2176 varient
733 2126 917 2178 motus
933 2164 951 2196 .‚
977 2135 1083 2196 per
1107 2136 1253 2198 quos
1275 2129 1467 2180 natura
1494 2129 1660 2196 gerat
1678 2138 1793 2182 res.

369 2218 546 2280 quare
569 2202 735 2261 etiam
756 2210 928 2281 atque
954 2204 1119 2262 etiam
1142 2201 1370 2282 paulum
1389 2203 1660 2266 inclinare
1683 2214 1990 2265 necessest

371 2301 640 2363 corpora;
663 2303 775 2345 nec
801 2286 1127 2366 plusquam
1151 2289 1432 2346 minimum
1448 2333 1465 2363 ‚
1492 2306 1564 2347 ne
1589 2289 1806 2365 fingere
1829 2297 2016 2350 motus

243 2375 341 2429 245
368 2367 634 2447 obliquos
657 2369 947 2429 videamur
969 2379 1027 2430 et
1047 2371 1106 2430 id
1126 2389 1224 2442 res
1251 2389 1396 2431 vera·
1410 2370 1638 2431 refutet.

366 2470 604 2531 namque
628 2452 820 2513 hocin
840 2464 1105 2534 promptu
1139 2455 1610 2534 manifestumque
1633 2474 1769 2516 esse
1796 2454 2087 2534 videmus,

367 2536 622 2615 pondera
641 2582 658 2613 ‚
689 2547 954 2616 quantum
981 2539 1037 2598 in
1065 2557 1131 2599 se
1159 2549 1289 2616 est,
1320 2558 1435 2600 uon
1456 2557 1633 2617 posse
1656 2538 1886 2618 obliqua
1908 2557 2133 2619 meare,

370 2638 444 2679 ex
464 2637 677 2699 supero
704 2639 832 2681 cum
859 2625 1262 2702 praecipitant,
1288 2623 1440 2702 quod
1459 2642 1701 2684 cernere
1722 2624 1945 2703 possis:

364 2704 470 2764 sed
489 2702 567 2763 nil
597 2707 822 2765 omnino
842 2708 1012 2767 nulla
1036 2709 1276 2785 regione
1298 2709 1406 2767 viai

241 2795 341 2850 250
368 2786 657 2849 declinare
683 2791 810 2869 quis
835 2793 1045 2871 estqui
1067 2794 1252 2871 possit
1282 2809 1522 2851 cernere
1547 2787 1794 2852 sensus?

420 2877 429 2883 '
449 2871 715 2953 Denique
739 2876 788 2934 si
813 2891 1044 2954 semper
1068 2885 1257 2936 motus
1282 2876 1600 2935 conectitur
1627 2875 1805 2950 omnis

365 2968 424 3019 et
443 2967 647 3018 vetere
672 2960 926 3019 exoritur
938 2978 1188 3038 semper
1210 2977 1393 3020 novus
1418 2956 1614 3019 ordine
1639 2967 1802 3019 certo
1817 3005 1836 3037 ‚

364 3060 474 3102 nec
500 3040 837 3104 declinando
860 3042 1071 3105 faciunt
1094 3044 1395 3123 primordia
1415 3051 1600 3103 motus

363 3127 701 3205 principium
726 3126 1005 3205 quoddam
1020 3175 1038 3206 ,
1071 3128 1223 3208 quod
1250 3129 1348 3189 fati
1374 3127 1612 3188 foedera
1635 3137 1891 3206 rumpat,

237 3216 336 3271 255
367 3227 442 3270 ex
461 3210 677 3270 infinito
699 3229 774 3271 ne
797 3228 1022 3271 causam
1045 3229 1216 3273 causa
1240 3220 1510 3292 sequatur
1524 3255 1542 3287 ‚

363 3292 546 3355 libera
565 3312 673 3374 per
692 3303 875 3356 terras
903 3295 1054 3357 unde
1074 3296 1221 3367 haec
1249 3295 1617 3360 animantibus
1641 3303 1860 3369 exstat,

363 3377 513 3439 unde
545 3388 638 3439 est
663 3378 809 3440 haec
824 3425 844 3458 ,
867 3381 1091 3459 inquam
1107 3426 1126 3457 ‚
1150 3379 1284 3441 fatis
1304 3378 1504 3440 avolsa
1527 3385 1786 3455 potestas
1805 3420 1823 3451 ,

360 3480 469 3541 per
491 3477 657 3543 quum
683 3463 1081 3542 progredimur
1102 3480 1218 3541 quo
1241 3462 1396 3526 ducit
1415 3469 1699 3540 quemque
1719 3457 1978 3528 volunffl
1992 3493 2013 3526 2
