2409 3825
2046 9 2406 145 Ἦ

246 147 367 210 128
1234 145 1287 202 V

418 331 567 373 neve
590 312 774 392 aliqua
799 312 985 372 divom
1008 311 1160 370 volvi
1183 314 1400 373 ratione
1426 322 1706 391 putemus.

417 415 543 455 nam
570 396 717 456 bene
750 397 843 474 qui
875 396 1127 455 didicere
1154 394 1298 456 deos
1324 413 1591 456 securum
1611 413 1786 473 agere
1810 415 2046 479 aevom,

421 483 480 541 si
493 489 679 540 tamen
702 480 919 540 interea
942 480 1208 543 mirantur
1233 496 1342 558 qua
1363 481 1580 541 ratione

420 581 682 642 quaeque
703 564 829 640 geri
852 564 1109 641 possint,
1138 563 1477 640 praesertim
1498 563 1672 623 rebus
1698 564 1754 623 in
1780 563 1893 625 illis

318 657 386 711 85
422 664 568 725 quae
599 664 808 725 supera
839 656 1007 725 caput
1034 645 1302 706 aetheriis
1331 655 1636 706 cernuntur
1665 648 1719 710 in
1744 651 1858 708 oris
1876 695 1893 726 ‚

417 748 614 790 rursus
638 731 694 788 in
716 731 970 809 antiquas
993 730 1317 790 referuntur
1342 729 1654 807 religiones
1671 776 1689 808 ‚

421 824 478 873 et
500 814 760 873 dominos
787 814 934 873 acris
960 810 1325 891 adsciscunt,
1355 814 1538 873 omnia
1564 830 1742 892 posse

417 915 562 976 quos
591 897 780 955 miseri
806 895 1077 974 credunt,
1102 897 1281 973 ignari
1306 896 1437 975 quid
1463 906 1631 975 queat
1654 916 1824 977 esse,

418 977 551 1060 quid
573 989 851 1058 nequeat,
883 980 1033 1039 finita
1056 989 1314 1058 potestas
1340 979 1585 1059 denique
1611 983 1815 1060 cuique

315 1074 386 1128 90
416 1080 652 1143 quanam
674 1066 747 1123 sit
770 1065 986 1123 ratione
1009 1072 1179 1142 atque
1202 1062 1318 1124 alte
1341 1065 1610 1124 terminus
1635 1063 1897 1129 haerens.

502 1145 668 1220 Quod
691 1156 994 1225 superest,
1018 1165 1091 1205 ne
1119 1156 1177 1206 te
1199 1148 1256 1205 in
1281 1148 1578 1226 promissis
1601 1148 1760 1227 plura
1784 1167 2107 1229 moremur,
2404 1138 2405 1185 l

413 1231 694 1311 principio
720 1232 889 1290 maria
912 1249 979 1289 ac
1003 1240 1184 1290 terras
1214 1229 1547 1309 caelumque
1573 1241 1768 1302 tuere;
2402 1256 2405 1359 Ι

415 1331 652 1393 quorum
676 1323 927 1374 naturam
949 1312 1233 1393 triplicem
1250 1359 1268 1390 ‚
1298 1315 1403 1373 tria
1424 1332 1667 1394 corpora
1683 1362 1702 1392 ‚
1729 1314 1993 1395 Memmi,

411 1402 515 1459 tris
538 1399 770 1476 species
795 1407 907 1458 tam
936 1395 1223 1457 dissimilis
1240 1443 1258 1474 ‚
1286 1399 1389 1457 tria
1417 1397 1545 1458 talia
1568 1407 1724 1459 texta
1739 1445 1758 1475 ‚

314 1492 383 1545 95
413 1500 520 1542 una
541 1481 664 1541 dies
696 1480 845 1540 dabit
870 1481 1046 1541 exitio
1061 1526 1079 1558 ‚
1102 1480 1426 1559 multosque
1448 1499 1555 1560 per
1576 1500 1751 1544 annos

415 1574 728 1627 sustentata
750 1573 878 1623 ruet
894 1563 1087 1624 moles
1112 1574 1172 1623 et
1195 1563 1449 1624 machina
1471 1559 1677 1624 mundi.

412 1668 522 1710 nec
545 1667 636 1708 me
659 1650 821 1707 animi
856 1645 1000 1707 fallit
1022 1666 1185 1726 quam
1205 1667 1303 1708 res
1326 1666 1472 1708 nova
1496 1651 1747 1729 miraque
1770 1653 1939 1709 menti

413 1732 632 1794 accidat
657 1733 887 1791 exitium
911 1729 1057 1792 caeli
1074 1740 1377 1811 terraeque
1400 1731 1675 1811 futurum,

414 1826 473 1880 et
496 1835 660 1899 quam
683 1814 917 1878 difficile
942 1814 995 1873 id
1023 1814 1157 1874 mihi
1186 1817 1258 1876 sit
1286 1818 1625 1894 pervincere
1656 1817 1850 1885 dictis3

286 1917 388 1969 loo
409 1915 470 1965 ut
491 1905 552 1964 fit
582 1902 677 1962 ubi
702 1900 984 1964 insolitam
1012 1917 1134 1962 rem
1155 1899 1425 1981 adportes
1449 1901 1674 1962 auribus
1699 1909 1828 1962 ante
1848 1947 1867 1980 ‚

410 2007 521 2048 nec
545 1997 730 2048 tamen
754 1986 1114 2066 hanepossis
1139 1986 1435 2047 oculorum
1460 1985 1706 2047 subdere
1728 1986 1854 2044 visu

411 2089 521 2131 nec
550 2073 742 2132 iacere
764 2069 898 2129 indu
919 2088 1113 2130 manus
1130 2116 1148 2148 ‚
1172 2072 1264 2130 via
1290 2088 1400 2149 qua
1424 2071 1631 2130 munita
1654 2069 1785 2130 fidei

411 2156 666 2234 proxima
688 2153 800 2213 fert
822 2153 1116 2213 humanum
1139 2156 1193 2213 in
1222 2164 1428 2233 pectus
1451 2152 1775 2233 templaque
1796 2152 2023 2213 mentis.

411 2237 518 2299 sed
538 2247 726 2298 tamen
750 2235 984 2297 effabor.
1015 2238 1181 2297 dictis
1207 2238 1357 2297 dabit
1384 2239 1508 2318 ipsa
1534 2235 1701 2297 iidem
1721 2255 1817 2296 res
1835 2279 1854 2312 ‚

288 2334 388 2386 105
411 2322 648 2382 forsitan
664 2365 682 2397 ‚
708 2330 766 2381 et
794 2321 1044 2398 graviter
1067 2330 1342 2381 terrarum
1368 2322 1612 2382 motibus
1639 2322 1776 2380 ortis

413 2406 598 2466 omnia
623 2406 989 2483 conquassari
1012 2405 1067 2463 in
1091 2423 1269 2483 parvo
1293 2414 1552 2484 tempore
1579 2422 1802 2465 cernes.

414 2487 567 2569 quod
588 2485 792 2567 procul
813 2505 845 2546 a
867 2488 1032 2548 nobis
1063 2488 1257 2549 flectat
1283 2487 1505 2549 fortuna
1526 2489 1848 2566 gubernans
1865 2530 1883 2563 ‚

413 2584 472 2634 et
495 2574 637 2632 ratio
660 2572 850 2650 potius
882 2589 1045 2649 quam
1066 2590 1161 2633 res
1189 2572 1532 2650 persuadeat
1557 2574 1682 2651 ipsa

410 2655 712 2719 succidere
736 2654 1035 2715 horrisono
1060 2673 1239 2733 posse
1262 2656 1445 2716 omnia
1466 2657 1618 2715 victa
1643 2655 1891 2732 fragore.

285 2751 390 2805 110
478 2739 504 2820 Η
535 2739 658 2813 Qua
679 2740 836 2818 prius
861 2737 1159 2815 adgrediar
1180 2756 1345 2817 quam
1368 2738 1438 2799 de
1462 2758 1525 2799 re
1553 2739 1792 2799 fundere
1817 2737 1931 2797 fata
1982 2748 2008 2771 *

411 2825 658 2885 sanctius
683 2831 741 2882 et
767 2820 943 2881 multo
968 2832 1123 2883 certa
1144 2824 1361 2883 ratione
1384 2824 1560 2900 magis
1586 2840 1749 2902 quam

410 2906 609 2982 Pythia
630 2923 775 2985 quae
798 2903 1022 2985 tripode
1042 2924 1073 2965 a
1098 2905 1315 2967 Phoebi
1343 2906 1617 2986 lauroque
1643 2905 1896 2986 profatur
1912 2951 1931 2983 ,

407 2989 579 3050 multa
602 2991 703 3050 tibi
726 2988 1026 3068 expediam
1055 2989 1239 3051 doctis
1264 2989 1476 3051 solacia
1505 2990 1703 3059 dictis;

407 3073 688 3151 religione
709 3072 1028 3134 refrenatus
1051 3091 1123 3133 ne
1154 3074 1303 3135 forte
1325 3075 1502 3135 rearis

285 3169 384 3219 115
412 3163 594 3217 terras
618 3165 675 3217 et
700 3155 881 3217 solem
905 3164 962 3216 et
986 3156 1205 3217 caelum
1223 3203 1241 3235 ‚
1273 3175 1426 3218 mare
1453 3156 1640 3217 sidera
1659 3156 1877 3234 lunam,

411 3257 655 3319 corpore
681 3238 868 3299 divino
892 3240 1105 3301 debere
1136 3251 1367 3302 aeterna
1389 3259 1617 3301 manere
1633 3286 1651 3318 ‚

407 3331 827 3402 proptereaque
851 3333 1018 3401 putes
1043 3325 1153 3383 ritu
1174 3343 1278 3403 par
1297 3344 1430 3387 esse
1456 3323 1751 3401 Gigantum

407 3403 664 3486 pendere
687 3421 792 3465 eos
814 3420 1030 3483 poenas
1059 3408 1260 3468 inmani
1288 3424 1392 3487 pro
1422 3405 1650 3468 scelere
1673 3408 1852 3469 omnis
1867 3453 1887 3486 ‚
