2409 3825
313 173 398 239 74
1043 172 1510 230 FRAGMENTA.

413 352 463 403 4.
553 381 591 399 e
622 389 666 402 -
699 378 738 399 υ
768 387 808 400 -
842 338 909 402 et
948 334 1137 400 Lario
1180 335 1503 400 inminens
1547 331 1861 424 comum]

413 438 568 493 Haec
605 454 678 492 ex
703 437 825 491 cod.
848 435 1006 491 Vibii
1029 433 1342 503 Sequestris
1369 433 1536 505 [Mus.
1567 434 1706 490 Brit.
1732 435 1878 489 Add.
1901 435 2032 490 Mss.
2058 441 2245 504 16986,
2361 483 2362 502 ,

317 523 462 562 saec.
507 505 637 575 XV]
686 503 854 558 affert
893 502 1178 568 Ellissius‚
1233 502 1392 555 cuius
1433 502 1455 555 i
1495 517 1561 556 sa
1590 502 1727 579 ‚fere
1771 518 1995 572 appono
2039 506 2246 559 verba:

311 577 443 644 post
472 573 577 627 ina.
611 573 699 626 ‘in
733 569 1049 626 athamatia
1079 570 1238 625 lacus
1280 569 1413 624 lune
1507 586 1644 624 nura
1686 569 1843 638 ligna
1876 571 2144 625 accendit
2179 588 2247 626 ex

313 657 426 710 quo
468 641 669 696 bibens
720 640 820 693 aut
872 637 1083 692 insanit
1135 636 1238 690 aut
1288 636 1508 705 sopitur
1522 645 1540 672 ³
1589 638 1709 707 [pg.
1755 643 1820 692 12
1863 637 2052 708 Burs.]
2101 639 2250 693 haee

311 708 490 763 habet
537 708 682 762 liber
730 704 1038 760 minoribus
1079 702 1288 758 litteris
1336 707 1614 772 tanquam
1662 705 1875 773 perscri
1916 707 1980 759 ta
2073 705 2253 783 agina

313 776 533 843 addita,
586 773 863 828 incertum
905 787 979 827 an
1032 770 1104 825 ab
1152 771 1350 825 eadem
1391 786 1588 825 manu:
1644 770 1802 827 lacus
1846 775 1976 841 (eg.
2021 722 2248 840 Eamus)

313 842 497 910 Comi,
533 841 788 898 Catullus
822 840 884 894 et
914 840 974 894 L.
1007 837 1247 893 iminens
1282 838 1576 906 (inminens
1597 837 1872 908 Ellissius)
1898 840 1958 895 C.
1979 868 2051 880 —
2085 840 2249 895 Haec
2363 853 2364 872 ÷

312 910 421 966 etsi
462 925 498 963 a
537 912 595 964 te
630 906 1001 987 ‘hipponactei
1082 907 1263 961 artem
1305 904 1617 975 complent,
1660 907 1851 961 tamen
1894 922 1998 977 pro
2041 909 2133 962 ter
2179 923 2250 962 ea

312 992 459 1046 quae
532 991 787 1030 ursianus
820 992 877 1028 m
942 989 1040 1028 rae
1065 1011 1081 1028 .
1104 973 1175 1027 de
1204 972 1489 1028 codicibus
1512 971 1668 1028 Vibii
1700 973 1964 1028 disseruit
2025 991 2123 1052 pg.
2151 981 2247 1040 123
2363 977 2364 982 ’

314 1045 381 1099 cf.
417 1045 491 1098 et.
526 1060 621 1112 pg.
645 1050 679 1097 4
712 1043 826 1095 not.
851 1048 882 1096 2
924 1082 938 1108 ‚
973 1040 1070 1095 vix
1113 1039 1271 1094 aliud
1303 1056 1475 1108 quam
1510 1057 1580 1095 ex
1614 1048 1697 1107 35,
1730 1047 1764 1094 4
1801 1040 1922 1096 Cat.
1958 1057 1994 1096 a
2068 1043 2247 1097 mter-

310 1111 569 1181 polatore
602 1109 827 1165 novello
904 1109 998 1162 cta
1030 1123 1149 1164 esse
1191 1107 1362 1163 facile
1403 1107 1511 1162 tibi
1552 1106 1935 1176 persuadebis.
2002 1108 2082 1163 Et
2120 1109 2247 1179 ipse

310 1178 467 1233 uncis
498 1176 726 1232 inclusit
756 1175 1028 1230 Ellissius.
1130 1237 1137 1240 ,

411 1284 460 1334 5.
512 1277 628 1333 Ver
667 1317 681 1331 .
715 1292 824 1346 geo
895 1316 909 1330 .
940 1274 1023 1345 H,
1059 1281 1151 1331 95:
1186 1292 1300 1345 quo
1332 1276 1392 1331 te
1426 1276 1671 1331 carmine
1695 1275 1908 1346 dicam,
1942 1277 2241 1333 Rhaetica..

314 1346 405 1403 Ad
439 1362 584 1416 quae
659 1344 844 1400 ervius
919 1360 1019 1399 aec
1060 1344 1299 1399 adnotat
1332 1344 1509 1398 ‘hanc
1544 1359 1714 1397 uvam
1750 1343 1889 1399 Cato
1933 1345 2244 1413 praecipue

310 1413 510 1469 laudat
540 1413 601 1467 in
631 1411 791 1467 libris
865 1428 965 1466 uos
999 1409 1223 1480 scripsit
1256 1411 1330 1466 ad
1361 1410 1565 1476 filium3
1602 1412 1798 1465 contra
1820 1411 2077 1467 Catullus
2114 1429 2244 1468 eam

311 1481 600 1550 vituperat
633 1481 694 1535 et
727 1480 837 1534 dici
894 1477 1039 1533 nulli
1069 1478 1156 1533 rei
1197 1495 1319 1534 esse
1355 1479 1550 1548 aptam
1582 1478 1929 1547 miraturque
1978 1496 2079 1533 cur
2114 1496 2245 1535 eam

311 1548 627 1603 laudaverit
658 1546 815 1603 Cato.
849 1546 1026 1601 sciens
1060 1561 1091 1600 e
1162 1562 1195 1600 o
1230 1548 1530 1614 utrumque
1554 1544 1839 1616 Vergilius
1873 1547 2124 1602 medium
2156 1549 2243 1602 te·

317 1615 443 1670 nuit
475 1614 688 1670 dicens:
725 1632 779 1684 q.
812 1616 854 1670 t.
891 1629 938 1669 c.
971 1612 1055 1681 d.,
1200 1621 1219 1647 ’

411 1722 462 1771 6.
509 1715 655 1770 Hinc
686 1713 972 1794 'ljlieocriti
1006 1714 1159 1784 apud
1182 1712 1452 1781 Graecos,
1488 1712 1697 1792 Catulli
1721 1715 1874 1793 apud
1903 1730 2007 1793 nos
2028 1730 2244 1795 proxu-

308 1800 520 1906 'mactetffi
522 1783 668 1905 ¹31³Ver
735 1783 1367 1919 Vlhnoairgtamentorum
1418 1783 1693 1838 amatom
1742 1783 2003 1838 nmtatm.
2093 1783 2243 1839 Phn.

411 1963 463 2016 ⁸1.
527 1952 620 2019 sic
662 1973 777 2018 sua
816 1951 1054 2019 lascivo
1098 1955 1417 2018 cantatast
1457 1954 1646 2038 saepe
1688 1952 1940 2020 Catullo

601 2036 842 2102 femina
851 2086 872 2122 ,
918 2038 1020 2103 cui
1061 2038 1295 2102 falsum
1336 2037 1568 2102 Lesbia
1607 2059 1846 2102 nomen
1887 2040 2057 2122 erat,

526 2142 638 2188 nec
679 2127 996 2188 contentus
1035 2142 1104 2188 eo
1145 2123 1373 2187 multos
1411 2123 1684 2207 volqavit
1722 2142 1990 2206 amm-ee,

602 2207 678 2272 in
720 2208 947 2288 quibus
986 2207 1119 2290 ipse
1156 2225 1345 2271 suum
1381 2206 1598 2288 fassus
1638 2207 2095 2273 adulteriumst.

409 2305 514 2360 Hic
523 2321 694 2427 ezuae
729 2305 974 2361 secundo
1010 2302 1249 2361 disticho
1282 2305 1624 2375 produntur,
1661 2305 1967 2362 certissime
2004 2307 2236 2362 demon÷

308 2373 489 2444 strant
594 2389 696 2452 ‘an-1
730 2372 844 2427 alia
878 2389 1050 2452 quam
1063 2389 1220 2496 guae
1254 2373 1423 2453 bodie
1460 2374 1657 2453 extant
1679 2374 1926 2429 carmina
1960 2376 2240 2430 amatoria

310 2457 414 2496 nec
449 2456 519 2495 ea
551 2457 716 2494 nimis
749 2456 934 2510 pauca
966 2458 1027 2494 m
1107 2441 1274 2495 atulh
1305 2441 1453 2495 hbro
1487 2441 1688 2511 legisse
1720 2441 2015 2497 Nasonem.

408 2545 459 2595 8.
512 2540 657 2596 Hinc
700 2540 874 2597 etiam
910 2541 1162 2597 Catullus
1200 2541 1398 2598 cavere
1436 2539 1593 2597 dixit.
1661 2540 1818 2597 Serv.
1865 2542 1940 2598 ad
1978 2557 2102 2596 aen.
2139 2542 2236 2611 111,

307 2614 426 2665 409.
477 2608 563 2663 ita
595 2607 827 2678 plurimi
860 2610 1077 2666 fervere
1111 2609 1321 2666 lavere.

414 2715 463 2764 9.
515 2709 842 2764 Notandum
875 2726 1009 2766 sane
1046 2710 1219 2765 etiam
1255 2709 1323 2764 de
1358 2709 1508 2765 Iride
1555 2725 1745 2765 arcum
1780 2725 1985 2780 genere
2019 2727 2229 2766 mascu-

308 2776 423 2833 lino
459 2776 648 2831 dicere
682 2777 1022 2857 Vergilium-2
1059 2777 1333 2857 ‘Catullus
1368 2780 1427 2833 et
1461 2777 1561 2833 alii
1592 2794 1800 2856 genere
1833 2776 2101 2832 feminino
2089 2795 2227 2900 aRo-

308 2845 452 2898 nunt
484 2844 790 2900 referentes
826 2845 900 2899 ad
934 2861 1233 2914 ongmem,
1269 2846 1415 2900 sicut
1445 2844 1587 2900 haec
1608 2846 1759 2900 Attis
1792 2846 1853 2901 et
1872 2844 2014 2899 haec
2039 2844 2086 2900 G
2167 2862 2228 2899 us

307 2912 564 2982 legimus.
634 2911 783 2970 Serv.
823 2910 897 2965 ad
933 2928 1055 2968 aen.
1092 2912 1160 2981 V,
1194 2918 1312 2968 609.

409 2978 539 3032 Alia
598 2980 789 3033 autem
851 2981 1130 3048 quaedam
1193 2979 1381 3035 aliena
1439 2995 1476 3034 a
1531 2978 1755 3035 Catullo
1815 2979 1882 3034 ut
1937 2994 2226 3048 parcamus

308 3046 537 3123 chartae
572 3046 664 3101 hic
700 3047 906 3101 addere
952 3062 1065 3102 non
1098 3048 1292 3125 vacat,
1337 3063 1464 3102 cum
1547 3045 1843 3101 raesertim
1872 3046 2029 3101 facili
2062 3063 2094 3100 o
2136 3063 2227 3103 era

308 3112 2005 3246 {¹3ffissiiigssdsspssffiai⁰ffiffl¹i¹1¹xffis⁸h3{Imffiglsstxsliss
2139 3131 2228 3171 ω’

1069 3402 1469 3415 ———--——.-—-—-—-
