<?xml version="1.0" encoding="UTF-8"?>
<!DOCTYPE html PUBLIC "-//W3C//DTD XHTML 1.0 Transitional//EN"
    "http://www.w3.org/TR/xhtml1/DTD/xhtml1-transitional.dtd">
<html xmlns="http://www.w3.org/1999/xhtml" xml:lang="en" lang="en">
 <head>
  <title>
</title>
<meta http-equiv="Content-Type" content="text/html;charset=utf-8" />
  <meta name='ocr-system' content='tesseract 3.04.00' />
  <meta name='ocr-capabilities' content='ocr_page ocr_carea ocr_par ocr_line ocrx_word'/>
</head>
<body>
  <div class='ocr_page' id='page_1' title='image "./tlucreticarider01unkngoog_0371.png"; bbox 0 0 2409 3825; ppageno 0'>
   <div class='ocr_carea' id='block_1_1' title="bbox 64 7 2061 447">
    <p class='ocr_par' dir='ltr' id='par_1_1' title="bbox 64 7 2061 447">
     <span class='ocr_line' id='line_1_1' title="bbox 64 7 244 89; baseline 0 0"><span class='ocrx_word' id='word_1_1' title='bbox 64 7 244 89; x_wconf 60' lang='grc' dir='ltr'><strong>Π</strong></span> 
     </span>
     <span class='ocr_line' id='line_1_2' title="bbox 123 200 2061 281; baseline 0.001 -16"><span class='ocrx_word' id='word_1_2' title='bbox 123 207 483 281; x_wconf 68' lang='lat' dir='ltr'><strong>xxxma]</strong></span> <span class='ocrx_word' id='word_1_3' title='bbox 964 207 1196 264; x_wconf 76' lang='lat' dir='ltr'><strong>LIBER.</strong></span> <span class='ocrx_word' id='word_1_4' title='bbox 1980 200 2061 267; x_wconf 88' lang='grc'><strong>19</strong></span> 
     </span>
     <span class='ocr_line' id='line_1_3' title="bbox 904 371 1269 447; baseline 0.005 -2"><span class='ocrx_word' id='word_1_5' title='bbox 904 371 1269 447; x_wconf 91' lang='lat' dir='ltr'><strong>XXXVII.</strong></span> 
     </span>
    </p>
   </div>
   <div class='ocr_carea' id='block_1_2' title="bbox 243 493 2062 2158">
    <p class='ocr_par' dir='ltr' id='par_1_2' title="bbox 298 493 2060 1250">
     <span class='ocr_line' id='line_1_4' title="bbox 302 493 1641 580; baseline -0.002 -18"><span class='ocrx_word' id='word_1_6' title='bbox 302 495 493 562; x_wconf 81' lang='lat' dir='ltr'><strong>Salax</strong></span> <span class='ocrx_word' id='word_1_7' title='bbox 535 493 801 559; x_wconf 85' lang='lat' dir='ltr'><strong>taberna</strong></span> <span class='ocrx_word' id='word_1_8' title='bbox 841 515 1081 577; x_wconf 84' lang='lat' dir='ltr'><strong>vosque</strong></span> <span class='ocrx_word' id='word_1_9' title='bbox 1124 494 1641 580; x_wconf 79' lang='lat' dir='ltr'><strong>contubernaleS,</strong></span> 
     </span>
     <span class='ocr_line' id='line_1_5' title="bbox 299 577 1425 664; baseline -0.001 -21"><span class='ocrx_word' id='word_1_10' title='bbox 299 580 363 643; x_wconf 91' lang='lat' dir='ltr'><strong>A</strong></span> <span class='ocrx_word' id='word_1_11' title='bbox 403 579 660 664; x_wconf 88' lang='lat' dir='ltr'><strong>pileatis</strong></span> <span class='ocrx_word' id='word_1_12' title='bbox 702 598 876 642; x_wconf 87' lang='lat' dir='ltr'><strong>nona</strong></span> <span class='ocrx_word' id='word_1_13' title='bbox 917 577 1221 643; x_wconf 88' lang='lat' dir='ltr'><strong>fratribus</strong></span> <span class='ocrx_word' id='word_1_14' title='bbox 1265 579 1425 662; x_wconf 87' lang='lat' dir='ltr'><strong>pila,</strong></span> 
     </span>
     <span class='ocr_line' id='line_1_6' title="bbox 302 661 1555 746; baseline -0.001 -18"><span class='ocrx_word' id='word_1_15' title='bbox 302 663 469 728; x_wconf 87' lang='lat' dir='ltr'><strong>Solis</strong></span> <span class='ocrx_word' id='word_1_16' title='bbox 558 661 755 726; x_wconf 84' lang='lat' dir='ltr'><strong>utatis</strong></span> <span class='ocrx_word' id='word_1_17' title='bbox 801 683 938 726; x_wconf 90' lang='lat' dir='ltr'><strong>esse</strong></span> <span class='ocrx_word' id='word_1_18' title='bbox 981 661 1301 726; x_wconf 74' lang='lat' dir='ltr'><strong>mentulas</strong></span> <span class='ocrx_word' id='word_1_19' title='bbox 1342 662 1524 727; x_wconf 84' lang='lat' dir='ltr'><strong>vobis</strong></span> <span class='ocrx_word' id='word_1_20' title='bbox 1535 713 1555 746; x_wconf 91' lang='lat'><strong>,</strong></span> 
     </span>
     <span class='ocr_line' id='line_1_7' title="bbox 302 745 1653 830; baseline 0 -19"><span class='ocrx_word' id='word_1_21' title='bbox 302 746 470 812; x_wconf 86' lang='lat' dir='ltr'><strong>Solis</strong></span> <span class='ocrx_word' id='word_1_22' title='bbox 545 746 736 830; x_wconf 86' lang='lat' dir='ltr'><strong>’cere,</strong></span> <span class='ocrx_word' id='word_1_23' title='bbox 781 745 1086 829; x_wconf 89' lang='lat' dir='ltr'><strong>quidquid</strong></span> <span class='ocrx_word' id='word_1_24' title='bbox 1132 749 1231 810; x_wconf 87' lang='lat' dir='ltr'><strong>est</strong></span> <span class='ocrx_word' id='word_1_25' title='bbox 1270 747 1653 830; x_wconf 88' lang='lat' dir='ltr'><strong>puellarum,</strong></span> 
     </span>
     <span class='ocr_line' id='line_1_8' title="bbox 304 829 2060 913; baseline -0.002 -16"><span class='ocrx_word' id='word_1_26' title='bbox 304 830 696 897; x_wconf 81' lang='lat' dir='ltr'><strong>Confutuere</strong></span> <span class='ocrx_word' id='word_1_27' title='bbox 738 833 806 893; x_wconf 87' lang='lat' dir='ltr'><strong>et</strong></span> <span class='ocrx_word' id='word_1_28' title='bbox 846 832 1069 913; x_wconf 89' lang='lat' dir='ltr'><strong>putare</strong></span> <span class='ocrx_word' id='word_1_29' title='bbox 1113 832 1355 895; x_wconf 88' lang='lat' dir='ltr'><strong>ceteros</strong></span> <span class='ocrx_word' id='word_1_30' title='bbox 1398 829 1654 895; x_wconf 81' lang='lat' dir='ltr'><strong>hircos?</strong></span> <span class='ocrx_word' id='word_1_31' title='bbox 2027 844 2060 894; x_wconf 80' lang='lat'><strong>5</strong></span> 
     </span>
     <span class='ocr_line' id='line_1_9' title="bbox 299 913 1646 997; baseline 0.001 -19"><span class='ocrx_word' id='word_1_32' title='bbox 299 917 439 997; x_wconf 89' lang='lat' dir='ltr'><strong>An,</strong></span> <span class='ocrx_word' id='word_1_33' title='bbox 485 914 887 979; x_wconf 71' lang='lat' dir='ltr'>continenter</span> <span class='ocrx_word' id='word_1_34' title='bbox 930 913 1097 996; x_wconf 90' lang='lat' dir='ltr'><strong>quod</strong></span> <span class='ocrx_word' id='word_1_35' title='bbox 1141 913 1376 978; x_wconf 89' lang='lat' dir='ltr'><strong>sedetis</strong></span> <span class='ocrx_word' id='word_1_36' title='bbox 1417 914 1646 980; x_wconf 89' lang='lat' dir='ltr'><strong>insulsi</strong></span> 
     </span>
     <span class='ocr_line' id='line_1_10' title="bbox 304 997 1840 1083; baseline 0 -19"><span class='ocrx_word' id='word_1_37' title='bbox 304 998 579 1065; x_wconf 83' lang='lat' dir='ltr'><strong>Centum</strong></span> <span class='ocrx_word' id='word_1_38' title='bbox 622 1020 706 1061; x_wconf 87' lang='lat' dir='ltr'><strong>an</strong></span> <span class='ocrx_word' id='word_1_39' title='bbox 749 997 1037 1080; x_wconf 86' lang='lat' dir='ltr'><strong>ducenti,</strong></span> <span class='ocrx_word' id='word_1_40' title='bbox 1080 1018 1219 1062; x_wconf 90' lang='lat' dir='ltr'><strong>non</strong></span> <span class='ocrx_word' id='word_1_41' title='bbox 1257 999 1497 1083; x_wconf 83' lang='lat' dir='ltr'><strong>putatis</strong></span> <span class='ocrx_word' id='word_1_42' title='bbox 1541 1021 1840 1064; x_wconf 87' lang='lat' dir='ltr'><strong>ausurum</strong></span> 
     </span>
     <span class='ocr_line' id='line_1_11' title="bbox 300 1081 1659 1147; baseline 0 0"><span class='ocrx_word' id='word_1_43' title='bbox 300 1082 409 1147; x_wconf 89' lang='lat' dir='ltr'><strong>Me</strong></span> <span class='ocrx_word' id='word_1_44' title='bbox 450 1103 581 1146; x_wconf 90' lang='lat' dir='ltr'><strong>una</strong></span> <span class='ocrx_word' id='word_1_45' title='bbox 624 1081 927 1146; x_wconf 89' lang='lat' dir='ltr'><strong>ducentos</strong></span> <span class='ocrx_word' id='word_1_46' title='bbox 969 1081 1292 1147; x_wconf 86' lang='lat' dir='ltr'><strong>inrumare</strong></span> <span class='ocrx_word' id='word_1_47' title='bbox 1336 1084 1659 1147; x_wconf 80' lang='lat' dir='ltr'>sessores?</span> 
     </span>
     <span class='ocr_line' id='line_1_12' title="bbox 298 1166 1575 1250; baseline 0.001 -19"><span class='ocrx_word' id='word_1_48' title='bbox 298 1166 502 1250; x_wconf 85' lang='lat' dir='ltr'><strong>Atqui</strong></span> <span class='ocrx_word' id='word_1_49' title='bbox 543 1168 789 1250; x_wconf 84' lang='lat' dir='ltr'><strong>putate:</strong></span> <span class='ocrx_word' id='word_1_50' title='bbox 835 1187 1109 1249; x_wconf 90' lang='lat' dir='ltr'><strong>namque</strong></span> <span class='ocrx_word' id='word_1_51' title='bbox 1149 1167 1350 1231; x_wconf 89' lang='lat' dir='ltr'><strong>totius</strong></span> <span class='ocrx_word' id='word_1_52' title='bbox 1392 1167 1575 1232; x_wconf 84' lang='lat' dir='ltr'><strong>vobis</strong></span> 
     </span>
    </p>

    <p class='ocr_par' dir='ltr' id='par_1_3' title="bbox 243 1250 2062 2158">
     <span class='ocr_line' id='line_1_13' title="bbox 243 1250 2062 1337; baseline 0 -22"><span class='ocrx_word' id='word_1_53' title='bbox 243 1332 248 1337; x_wconf 67' lang='lat'>‚</span> <span class='ocrx_word' id='word_1_54' title='bbox 302 1250 610 1316; x_wconf 86' lang='lat' dir='ltr'><strong>Frontem</strong></span> <span class='ocrx_word' id='word_1_55' title='bbox 651 1250 954 1314; x_wconf 86' lang='lat' dir='ltr'><strong>tabernae</strong></span> <span class='ocrx_word' id='word_1_56' title='bbox 999 1250 1441 1334; x_wconf 75' lang='lat' dir='ltr'>scorpionibus</span> <span class='ocrx_word' id='word_1_57' title='bbox 1485 1252 1777 1319; x_wconf 88' lang='lat' dir='ltr'><strong>scribam.</strong></span> <span class='ocrx_word' id='word_1_58' title='bbox 1994 1266 2062 1316; x_wconf 90' lang='lat'><strong>10</strong></span> 
     </span>
     <span class='ocr_line' id='line_1_14' title="bbox 302 1334 1702 1421; baseline 0.001 -22"><span class='ocrx_word' id='word_1_59' title='bbox 302 1334 527 1399; x_wconf 88' lang='lat' dir='ltr'><strong>Puella</strong></span> <span class='ocrx_word' id='word_1_60' title='bbox 568 1355 722 1397; x_wconf 91' lang='lat' dir='ltr'><strong>nam</strong></span> <span class='ocrx_word' id='word_1_61' title='bbox 764 1334 884 1418; x_wconf 92' lang='lat' dir='ltr'><strong>mi,</strong></span> <span class='ocrx_word' id='word_1_62' title='bbox 930 1355 1088 1417; x_wconf 89' lang='lat' dir='ltr'><strong>quae</strong></span> <span class='ocrx_word' id='word_1_63' title='bbox 1131 1355 1276 1400; x_wconf 90' lang='lat' dir='ltr'><strong>meo</strong></span> <span class='ocrx_word' id='word_1_64' title='bbox 1318 1335 1462 1399; x_wconf 86' lang='lat' dir='ltr'><strong>sinu</strong></span> <span class='ocrx_word' id='word_1_65' title='bbox 1504 1336 1702 1421; x_wconf 80' lang='lat' dir='ltr'><strong>fugit,</strong></span> 
     </span>
     <span class='ocr_line' id='line_1_15' title="bbox 300 1419 1791 1503; baseline 0 -20"><span class='ocrx_word' id='word_1_66' title='bbox 300 1419 539 1483; x_wconf 86' lang='lat' dir='ltr'><strong>Amata</strong></span> <span class='ocrx_word' id='word_1_67' title='bbox 578 1419 830 1481; x_wconf 85' lang='lat' dir='ltr'><strong>tantum</strong></span> <span class='ocrx_word' id='word_1_68' title='bbox 874 1420 1184 1501; x_wconf 88' lang='lat' dir='ltr'><strong>quantum</strong></span> <span class='ocrx_word' id='word_1_69' title='bbox 1229 1419 1546 1483; x_wconf 89' lang='lat' dir='ltr'><strong>amabitur</strong></span> <span class='ocrx_word' id='word_1_70' title='bbox 1585 1421 1791 1503; x_wconf 87' lang='lat' dir='ltr'><strong>nulla,</strong></span> 
     </span>
     <span class='ocr_line' id='line_1_16' title="bbox 299 1500 1836 1590; baseline 0.001 -24"><span class='ocrx_word' id='word_1_71' title='bbox 299 1502 426 1567; x_wconf 87' lang='lat' dir='ltr'><strong>Pro</strong></span> <span class='ocrx_word' id='word_1_72' title='bbox 472 1523 596 1585; x_wconf 89' lang='lat' dir='ltr'><strong>qua</strong></span> <span class='ocrx_word' id='word_1_73' title='bbox 636 1500 796 1565; x_wconf 86' lang='lat' dir='ltr'><strong>mihi</strong></span> <span class='ocrx_word' id='word_1_74' title='bbox 841 1504 991 1565; x_wconf 90' lang='lat' dir='ltr'><strong>sunt</strong></span> <span class='ocrx_word' id='word_1_75' title='bbox 1032 1523 1272 1586; x_wconf 83' lang='lat' dir='ltr'><strong>magna</strong></span> <span class='ocrx_word' id='word_1_76' title='bbox 1311 1502 1482 1567; x_wconf 91' lang='lat' dir='ltr'><strong>bella</strong></span> <span class='ocrx_word' id='word_1_77' title='bbox 1521 1508 1836 1590; x_wconf 82' lang='lat' dir='ltr'><strong>pugnata,</strong></span> 
     </span>
     <span class='ocr_line' id='line_1_17' title="bbox 306 1584 1580 1671; baseline 0.001 -20"><span class='ocrx_word' id='word_1_78' title='bbox 306 1585 615 1652; x_wconf 82' lang='lat' dir='ltr'><strong>Consedit</strong></span> <span class='ocrx_word' id='word_1_79' title='bbox 655 1585 819 1650; x_wconf 91' lang='lat' dir='ltr'><strong>istic.</strong></span> <span class='ocrx_word' id='word_1_80' title='bbox 877 1584 1044 1650; x_wconf 89' lang='lat' dir='ltr'><strong>hanc</strong></span> <span class='ocrx_word' id='word_1_81' title='bbox 1085 1586 1241 1651; x_wconf 93' lang='lat' dir='ltr'><strong>boni</strong></span> <span class='ocrx_word' id='word_1_82' title='bbox 1283 1586 1580 1671; x_wconf 74' lang='lat' dir='ltr'><strong>beatique</strong></span> 
     </span>
     <span class='ocr_line' id='line_1_18' title="bbox 302 1669 2059 1758; baseline 0 -23"><span class='ocrx_word' id='word_1_83' title='bbox 302 1670 542 1735; x_wconf 82' lang='lat' dir='ltr'><strong>Omnes</strong></span> <span class='ocrx_word' id='word_1_84' title='bbox 585 1669 828 1751; x_wconf 79' lang='lat' dir='ltr'><strong>amatiS,</strong></span> <span class='ocrx_word' id='word_1_85' title='bbox 871 1672 936 1733; x_wconf 88' lang='lat' dir='ltr'><strong>et</strong></span> <span class='ocrx_word' id='word_1_86' title='bbox 978 1669 1261 1752; x_wconf 90' lang='lat' dir='ltr'><strong>quidem,</strong></span> <span class='ocrx_word' id='word_1_87' title='bbox 1307 1671 1475 1754; x_wconf 90' lang='lat' dir='ltr'><strong>quod</strong></span> <span class='ocrx_word' id='word_1_88' title='bbox 1518 1671 1939 1758; x_wconf 86' lang='lat' dir='ltr'><strong>indignumst,</strong></span> <span class='ocrx_word' id='word_1_89' title='bbox 1994 1684 2059 1735; x_wconf 82' lang='lat'><strong>15</strong></span> 
     </span>
     <span class='ocr_line' id='line_1_19' title="bbox 304 1753 1585 1840; baseline 0.001 -21"><span class='ocrx_word' id='word_1_90' title='bbox 304 1753 543 1819; x_wconf 84' lang='lat' dir='ltr'><strong>Omnes</strong></span> <span class='ocrx_word' id='word_1_91' title='bbox 585 1753 805 1837; x_wconf 86' lang='lat' dir='ltr'><strong>pusilli</strong></span> <span class='ocrx_word' id='word_1_92' title='bbox 849 1756 913 1817; x_wconf 88' lang='lat' dir='ltr'><strong>et</strong></span> <span class='ocrx_word' id='word_1_93' title='bbox 956 1753 1263 1819; x_wconf 86' lang='lat' dir='ltr'><strong>semitarii</strong></span> <span class='ocrx_word' id='word_1_94' title='bbox 1304 1755 1585 1840; x_wconf 83' lang='lat' dir='ltr'><strong>moechi3</strong></span> 
     </span>
     <span class='ocr_line' id='line_1_20' title="bbox 302 1838 1632 1935; baseline 0.002 -33"><span class='ocrx_word' id='word_1_95' title='bbox 302 1838 399 1902; x_wconf 60' lang='lat' dir='ltr'><strong>&#39;lu</strong></span> <span class='ocrx_word' id='word_1_96' title='bbox 441 1841 692 1935; x_wconf 74' lang='lat' dir='ltr'><strong>praeter</strong></span> <span class='ocrx_word' id='word_1_97' title='bbox 735 1858 956 1902; x_wconf 90' lang='lat' dir='ltr'><strong>omnes</strong></span> <span class='ocrx_word' id='word_1_98' title='bbox 998 1860 1123 1902; x_wconf 89' lang='lat' dir='ltr'><strong>une</strong></span> <span class='ocrx_word' id='word_1_99' title='bbox 1167 1839 1246 1903; x_wconf 89' lang='lat' dir='ltr'><strong>de</strong></span> <span class='ocrx_word' id='word_1_100' title='bbox 1291 1839 1632 1925; x_wconf 77' lang='lat' dir='ltr'><strong>capillatiS,</strong></span> 
     </span>
     <span class='ocr_line' id='line_1_21' title="bbox 303 1921 1289 1988; baseline 0.001 -1"><span class='ocrx_word' id='word_1_101' title='bbox 303 1922 727 1988; x_wconf 83' lang='lat' dir='ltr'><strong>Cumculosae</strong></span> <span class='ocrx_word' id='word_1_102' title='bbox 773 1921 1154 1988; x_wconf 74' lang='lat' dir='ltr'><strong>Celtiberiae</strong></span> <span class='ocrx_word' id='word_1_103' title='bbox 1194 1923 1289 1988; x_wconf 91' lang='lat' dir='ltr'><strong>fili</strong></span> 
     </span>
     <span class='ocr_line' id='line_1_22' title="bbox 301 2006 1779 2091; baseline 0.003 -22"><span class='ocrx_word' id='word_1_104' title='bbox 301 2006 573 2091; x_wconf 78' lang='lat' dir='ltr'><strong>Egnati,</strong></span> <span class='ocrx_word' id='word_1_105' title='bbox 620 2027 658 2070; x_wconf 94' lang='lat' dir='ltr'><strong>o</strong></span> <span class='ocrx_word' id='word_1_106' title='bbox 705 2028 821 2070; x_wconf 94' lang='lat' dir='ltr'><strong>aca</strong></span> <span class='ocrx_word' id='word_1_107' title='bbox 865 2028 1053 2089; x_wconf 87' lang='lat' dir='ltr'><strong>quem</strong></span> <span class='ocrx_word' id='word_1_108' title='bbox 1096 2008 1337 2072; x_wconf 89' lang='lat' dir='ltr'><strong>bonum</strong></span> <span class='ocrx_word' id='word_1_109' title='bbox 1380 2008 1536 2073; x_wconf 83' lang='lat' dir='ltr'><strong>facit</strong></span> <span class='ocrx_word' id='word_1_110' title='bbox 1577 2008 1779 2075; x_wconf 86' lang='lat' dir='ltr'><strong>barba</strong></span> 
     </span>
     <span class='ocr_line' id='line_1_23' title="bbox 300 2090 2062 2158; baseline 0 -2"><span class='ocrx_word' id='word_1_111' title='bbox 300 2090 392 2156; x_wconf 84' lang='lat' dir='ltr'><strong>Et</strong></span> <span class='ocrx_word' id='word_1_112' title='bbox 432 2090 587 2154; x_wconf 89' lang='lat' dir='ltr'><strong>dens</strong></span> <span class='ocrx_word' id='word_1_113' title='bbox 702 2090 874 2156; x_wconf 84' lang='lat' dir='ltr'><strong>‘bera</strong></span> <span class='ocrx_word' id='word_1_114' title='bbox 915 2090 1257 2156; x_wconf 79' lang='lat' dir='ltr'><strong>defricatus</strong></span> <span class='ocrx_word' id='word_1_115' title='bbox 1299 2092 1500 2158; x_wconf 85' lang='lat' dir='ltr'><strong>urina.</strong></span> <span class='ocrx_word' id='word_1_116' title='bbox 1991 2106 2062 2156; x_wconf 84' lang='lat'><strong>20</strong></span> 
     </span>
    </p>
   </div>
   <div class='ocr_carea' id='block_1_3' title="bbox 946 2229 1252 2240">
    <p class='ocr_par' dir='ltr' id='par_1_4' title="bbox 946 2229 1252 2240">
     <span class='ocr_line' id='line_1_24' title="bbox 946 2229 1252 2240; baseline 0 1585"><span class='ocrx_word' id='word_1_117' title='bbox 946 2229 1252 2240; x_wconf 95' lang='lat' dir='ltr'><strong> </strong></span> 
     </span>
    </p>
   </div>
   <div class='ocr_carea' id='block_1_4' title="bbox 892 2330 1289 2405">
    <p class='ocr_par' dir='ltr' id='par_1_5' title="bbox 892 2330 1289 2405">
     <span class='ocr_line' id='line_1_25' title="bbox 892 2330 1289 2405; baseline 0.01 -4"><span class='ocrx_word' id='word_1_118' title='bbox 892 2330 1289 2405; x_wconf 81' lang='lat' dir='ltr'><strong>XXXVHI.</strong></span> 
     </span>
    </p>
   </div>
   <div class='ocr_carea' id='block_1_5' title="bbox 182 2450 2059 3108">
    <p class='ocr_par' dir='ltr' id='par_1_6' title="bbox 182 2450 2059 3108">
     <span class='ocr_line' id='line_1_26' title="bbox 306 2450 1432 2537; baseline 0.003 -21"><span class='ocrx_word' id='word_1_119' title='bbox 306 2451 569 2536; x_wconf 91' lang='lat' dir='ltr'><strong>Malest,</strong></span> <span class='ocrx_word' id='word_1_120' title='bbox 616 2450 947 2535; x_wconf 84' lang='lat' dir='ltr'><strong>Cornifici,</strong></span> <span class='ocrx_word' id='word_1_121' title='bbox 991 2455 1102 2518; x_wconf 89' lang='lat' dir='ltr'><strong>tuo</strong></span> <span class='ocrx_word' id='word_1_122' title='bbox 1148 2452 1432 2537; x_wconf 84' lang='lat' dir='ltr'><strong>Catullo,</strong></span> 
     </span>
     <span class='ocr_line' id='line_1_27' title="bbox 301 2535 1674 2624; baseline 0.004 -24"><span class='ocrx_word' id='word_1_123' title='bbox 301 2535 562 2620; x_wconf 87' lang='lat' dir='ltr'><strong>Malest,</strong></span> <span class='ocrx_word' id='word_1_124' title='bbox 607 2558 709 2606; x_wconf 83' lang='lat' dir='ltr'><strong>me</strong></span> <span class='ocrx_word' id='word_1_125' title='bbox 751 2536 1037 2620; x_wconf 82' lang='lat' dir='ltr'><strong>hercule,</strong></span> <span class='ocrx_word' id='word_1_126' title='bbox 1083 2540 1149 2600; x_wconf 90' lang='lat' dir='ltr'><strong>et</strong></span> <span class='ocrx_word' id='word_1_127' title='bbox 1191 2540 1290 2601; x_wconf 89' lang='lat' dir='ltr'><strong>est</strong></span> <span class='ocrx_word' id='word_1_128' title='bbox 1329 2539 1674 2624; x_wconf 86' lang='lat' dir='ltr'><strong>laboriose,</strong></span> 
     </span>
     <span class='ocr_line' id='line_1_28' title="bbox 305 2619 1543 2706; baseline 0.002 -22"><span class='ocrx_word' id='word_1_129' title='bbox 305 2620 396 2684; x_wconf 82' lang='lat' dir='ltr'><strong>Et</strong></span> <span class='ocrx_word' id='word_1_130' title='bbox 435 2621 642 2706; x_wconf 86' lang='lat' dir='ltr'><strong>magis</strong></span> <span class='ocrx_word' id='word_1_131' title='bbox 685 2621 892 2705; x_wconf 85' lang='lat' dir='ltr'><strong>magis</strong></span> <span class='ocrx_word' id='word_1_132' title='bbox 934 2620 1005 2684; x_wconf 92' lang='lat' dir='ltr'><strong>in</strong></span> <span class='ocrx_word' id='word_1_133' title='bbox 1046 2619 1182 2685; x_wconf 88' lang='lat' dir='ltr'><strong>dies</strong></span> <span class='ocrx_word' id='word_1_134' title='bbox 1227 2624 1293 2685; x_wconf 85' lang='lat' dir='ltr'><strong>et</strong></span> <span class='ocrx_word' id='word_1_135' title='bbox 1331 2621 1543 2687; x_wconf 89' lang='lat' dir='ltr'><strong>horas.</strong></span> 
     </span>
     <span class='ocr_line' id='line_1_29' title="bbox 305 2704 1879 2791; baseline 0.003 -23"><span class='ocrx_word' id='word_1_136' title='bbox 305 2704 509 2780; x_wconf 86' lang='lat' dir='ltr'><strong>Quem</strong></span> <span class='ocrx_word' id='word_1_137' title='bbox 551 2708 620 2769; x_wconf 90' lang='lat' dir='ltr'><strong>tu</strong></span> <span class='ocrx_word' id='word_1_138' title='bbox 635 2755 655 2788; x_wconf 91' lang='lat'><strong>,</strong></span> <span class='ocrx_word' id='word_1_139' title='bbox 702 2704 870 2788; x_wconf 91' lang='lat' dir='ltr'><strong>quod</strong></span> <span class='ocrx_word' id='word_1_140' title='bbox 911 2704 1248 2769; x_wconf 88' lang='lat' dir='ltr'><strong>minimum</strong></span> <span class='ocrx_word' id='word_1_141' title='bbox 1291 2705 1879 2791; x_wconf 85' lang='lat' dir='ltr'><strong>facillimumquest,</strong></span> 
     </span>
     <span class='ocr_line' id='line_1_30' title="bbox 306 2787 2059 2864; baseline -0.001 -11"><span class='ocrx_word' id='word_1_142' title='bbox 306 2787 445 2864; x_wconf 86' lang='lat' dir='ltr'><strong>Qua</strong></span> <span class='ocrx_word' id='word_1_143' title='bbox 489 2789 728 2853; x_wconf 87' lang='lat' dir='ltr'><strong>solatus</strong></span> <span class='ocrx_word' id='word_1_144' title='bbox 774 2810 840 2853; x_wconf 88' lang='lat' dir='ltr'><strong>es</strong></span> <span class='ocrx_word' id='word_1_145' title='bbox 886 2788 1336 2854; x_wconf 77' lang='lat' dir='ltr'><strong>adlocutione?</strong></span> <span class='ocrx_word' id='word_1_146' title='bbox 2023 2802 2059 2852; x_wconf 84' lang='lat'><strong>5</strong></span> 
     </span>
     <span class='ocr_line' id='line_1_31' title="bbox 301 2870 1441 2939; baseline 0.003 -3"><span class='ocrx_word' id='word_1_147' title='bbox 301 2870 552 2937; x_wconf 88' lang='lat' dir='ltr'><strong>Irascor</strong></span> <span class='ocrx_word' id='word_1_148' title='bbox 593 2873 729 2938; x_wconf 92' lang='lat' dir='ltr'><strong>tibi.</strong></span> <span class='ocrx_word' id='word_1_149' title='bbox 791 2873 882 2937; x_wconf 90' lang='lat' dir='ltr'><strong>sic</strong></span> <span class='ocrx_word' id='word_1_150' title='bbox 924 2894 1101 2937; x_wconf 92' lang='lat' dir='ltr'><strong>meos</strong></span> <span class='ocrx_word' id='word_1_151' title='bbox 1152 2875 1441 2939; x_wconf 76' lang='lat' dir='ltr'><strong>amores?</strong></span> 
     </span>
     <span class='ocr_line' id='line_1_32' title="bbox 182 2955 1487 3043; baseline 0.003 -23"><span class='ocrx_word' id='word_1_152' title='bbox 182 3014 188 3019; x_wconf 93' lang='lat'><strong>.</strong></span> <span class='ocrx_word' id='word_1_153' title='bbox 305 2957 576 3021; x_wconf 90' lang='lat' dir='ltr'><strong>Paulum</strong></span> <span class='ocrx_word' id='word_1_154' title='bbox 619 2955 771 3041; x_wconf 88' lang='lat' dir='ltr'><strong>quid</strong></span> <span class='ocrx_word' id='word_1_155' title='bbox 814 2957 993 3021; x_wconf 87' lang='lat' dir='ltr'><strong>lubet</strong></span> <span class='ocrx_word' id='word_1_156' title='bbox 1038 2957 1455 3024; x_wconf 81' lang='lat' dir='ltr'><strong>adlocutionis</strong></span> <span class='ocrx_word' id='word_1_157' title='bbox 1466 3008 1487 3043; x_wconf 94' lang='lat'><strong>,</strong></span> 
     </span>
     <span class='ocr_line' id='line_1_33' title="bbox 301 3040 1387 3108; baseline 0.001 -3"><span class='ocrx_word' id='word_1_158' title='bbox 301 3040 613 3105; x_wconf 86' lang='lat' dir='ltr'><strong>Maestius</strong></span> <span class='ocrx_word' id='word_1_159' title='bbox 656 3040 937 3105; x_wconf 88' lang='lat' dir='ltr'><strong>lacrimis</strong></span> <span class='ocrx_word' id='word_1_160' title='bbox 982 3040 1387 3108; x_wconf 85' lang='lat' dir='ltr'><strong>Simonideis.</strong></span> 
     </span>
    </p>
   </div>
   <div class='ocr_carea' id='block_1_6' title="bbox 945 3180 1252 3189">
    <p class='ocr_par' dir='ltr' id='par_1_7' title="bbox 945 3180 1252 3189">
     <span class='ocr_line' id='line_1_34' title="bbox 945 3180 1252 3189; baseline 0 0"><span class='ocrx_word' id='word_1_161' title='bbox 945 3180 1252 3189; x_wconf 95' lang='lat' dir='ltr'><strong> </strong></span> 
     </span>
    </p>
   </div>
   <div class='ocr_carea' id='block_1_7' title="bbox 875 3271 1312 3346">
    <p class='ocr_par' dir='ltr' id='par_1_8' title="bbox 875 3271 1312 3346">
     <span class='ocr_line' id='line_1_35' title="bbox 875 3271 1312 3346; baseline 0.002 -1"><span class='ocrx_word' id='word_1_162' title='bbox 875 3271 1312 3346; x_wconf 82' lang='lat' dir='ltr'><strong>XXXVIIII.</strong></span> 
     </span>
    </p>
   </div>
   <div class='ocr_carea' id='block_1_8' title="bbox 299 3394 1911 3633">
    <p class='ocr_par' dir='ltr' id='par_1_9' title="bbox 299 3394 1911 3633">
     <span class='ocr_line' id='line_1_36' title="bbox 299 3394 1744 3481; baseline 0.001 -20"><span class='ocrx_word' id='word_1_163' title='bbox 299 3395 617 3481; x_wconf 83' lang='lat' dir='ltr'><strong>Egnatius</strong></span> <span class='ocrx_word' id='word_1_164' title='bbox 633 3444 651 3478; x_wconf 96' lang='lat'><strong>,</strong></span> <span class='ocrx_word' id='word_1_165' title='bbox 699 3394 868 3480; x_wconf 89' lang='lat' dir='ltr'><strong>quod</strong></span> <span class='ocrx_word' id='word_1_166' title='bbox 912 3394 1216 3459; x_wconf 89' lang='lat' dir='ltr'><strong>candidos</strong></span> <span class='ocrx_word' id='word_1_167' title='bbox 1259 3394 1454 3462; x_wconf 86' lang='lat' dir='ltr'><strong>habet</strong></span> <span class='ocrx_word' id='word_1_168' title='bbox 1496 3396 1744 3480; x_wconf 74' lang='lat' dir='ltr'><strong>denteS,</strong></span> 
     </span>
     <span class='ocr_line' id='line_1_37' title="bbox 300 3478 1911 3564; baseline -0.002 -18"><span class='ocrx_word' id='word_1_169' title='bbox 300 3480 579 3547; x_wconf 88' lang='lat' dir='ltr'><strong>Renidet</strong></span> <span class='ocrx_word' id='word_1_170' title='bbox 619 3500 818 3564; x_wconf 76' lang='lat' dir='ltr'><strong>usque</strong></span> <span class='ocrx_word' id='word_1_171' title='bbox 863 3500 1128 3563; x_wconf 89' lang='lat' dir='ltr'><strong>quaque.</strong></span> <span class='ocrx_word' id='word_1_172' title='bbox 1196 3478 1288 3544; x_wconf 88' lang='lat' dir='ltr'><strong>sei</strong></span> <span class='ocrx_word' id='word_1_173' title='bbox 1331 3480 1412 3544; x_wconf 89' lang='lat' dir='ltr'><strong>ad</strong></span> <span class='ocrx_word' id='word_1_174' title='bbox 1452 3482 1547 3546; x_wconf 89' lang='lat' dir='ltr'><strong>rei</strong></span> <span class='ocrx_word' id='word_1_175' title='bbox 1588 3482 1911 3546; x_wconf 84' lang='lat' dir='ltr'><strong>ventumst</strong></span> 
     </span>
     <span class='ocr_line' id='line_1_38' title="bbox 1683 3583 1754 3633; baseline 0 -20"><span class='ocrx_word' id='word_1_176' title='bbox 1683 3583 1754 3633; x_wconf 66' lang='lat'><strong>2·</strong></span> 
     </span>
    </p>
   </div>
  </div>
 </body>
</html>
