2409 3825
334 169 417 234 16
912 185 1011 233 ιν.
1075 182 1482 233 PAUSAmAs.
1529 179 1576 228 1.
1617 180 1667 230 2.

882 420 1010 496 lv,
1115 419 1676 535 PAUSANIAS.

259 573 295 636 1
499 568 849 637 Pausanias
915 567 1453 634 Lacedaemonius
1518 590 1791 655 magnus
1853 570 2082 654 homo,
2146 568 2274 635 sed

330 656 546 721 varius
586 656 660 721 in
688 653 864 720 omni
908 674 1141 738 genere
1184 654 1355 717 vitae
1398 653 1553 718 fuit:
1597 676 1751 719 nam
1791 657 1868 718 ut
1907 655 2270 720 virtutibus

332 740 561 823 eluxit,
617 740 710 803 sic
763 739 938 802 vitiis
991 742 1089 803 est
1141 737 1426 802 obrutus.
1497 730 1711 802 'huius
1753 738 2272 803 illustrissimum
2379 768 2380 777 ¹

194 868 199 871 Α
270 838 303 886 2
334 827 433 889 est
471 823 791 907 proelium
831 820 1002 905 apud
1045 812 1357 886 Plataeas.
1434 842 1712 905 namque
1749 823 1868 886 -illo
1899 822 2059 887 duce
2089 822 2272 891 Mar-

332 908 593 1005 domus,
618 911 920 1004 ‘satrapes
948 927 1017 969 re
1070 904 1192 988 ‘us,
1235 905 1500 970 natione
1529 905 1784 989 Medus,
1827 907 2000 1004 regis
2038 927 2273 991 gener,

329 1012 1068 1170 ffihpssffiuffinuffich
1095 1010 1378 1137 ffnfflibumus
1422 992 1740 1170 {2333
1765 989 1960 1159 Ἦὶῗί
1998 995 2274 1138 {ra-³&

329 1159 592 1243 legerat,
638 1163 704 1223 et
746 1176 844 1222 xx
889 1161 1177 1240 equltum
1218 1156 1393 1221 haud
1435 1161 1529 1221 ita
1568 1179 1634 1222 m
1767 1180 1806 1221 a
1834 1179 2033 1222 manu
2061 1157 2272 1223 Grae·

272 1256 305 1305 3
335 1243 469 1307 ciae
511 1243 774 1328 fugatus
816 1245 931 1326 est,
974 1262 1178 1338 eoque
1205 1241 1344 1324 ipse
1373 1240 1502 1305 dux
1531 1242 1664 1306 ceci
1712 1243 1761 1305 ‘t
1785 1242 2053 1325 proelio.
2133 1264 2274 1325 qua

333 1328 605 1392 victoria
668 1327 872 1391 elatus
932 1325 1212 1408 plunma
1271 1325 1536 1390 miscere
1602 1327 1817 1409 coepit
1883 1329 1952 1390 et
2012 1327 2272 1391 maiora

332 1412 798 1494 concupiscere.
906 1408 1017 1474 sed
1069 1409 1352 1492 primum
1407 1409 1478 1473 in
1531 1431 1607 1474 eo
1662 1414 1761 1475 est
1811 1409 2269 1494 reprehensae,

332 1492 505 1578 quod
548 1517 627 1558 ex
667 1493 906 1578 praeda
944 1492 1264 1576 tripodem
1320 1514 1582 1557 aureum
1623 1492 1896 1578 Delphis
1936 1494 2272 1577 posuisset

332 1580 789 1664 epigrammate
842 1577 1182 1661 inscripto,
1239 1577 1310 1640 in
1353 1598 1482 1660 quo
1524 1577 1684 1642 haec
1728 1581 1866 1642 erat
1904 1578 2268 1643 sententia:

331 1686 448 1728 suo
492 1664 688 1727 ductu
729 1662 1036 1727 barbaros
1077 1659 1252 1744 apud
1291 1660 1584 1725 Plataeas
1628 1682 1765 1726 esse
1809 1661 2049 1738 deletos
2090 1663 2270 1737 eius·

271 1761 306 1808 4
335 1768 459 1832 que
501 1746 809 1811 victoriae
836 1766 987 1843 ergo
1017 1745 1313 1828 Apollini
1341 1745 1581 1809 donum
1621 1745 1885 1811 dedisse.
1957 1746 2076 1810 hos
2120 1767 2270 1810 ver-

335 1853 442 1896 sus
469 1830 959 1896 Lacedaemonii
1000 1829 1485 1912 exsculpserunt
1524 1850 1731 1912 neque
1775 1829 1950 1893 aliud
1992 1830 2266 1913 scripse-

332 1919 487 1980 runt
528 1937 721 1998 quam
761 1915 1030 1979 nomina
1071 1934 1290 1978 earum
1317 1913 1669 1998 civitatum,
1715 1936 1986 1998 quarum
2014 1915 2264 1980 auxilio

332 2000 567 2065 Persae
611 2003 796 2063 erant
835 1999 1008 2063 victi.
1481 2037 1489 2044 ·

259 2084 302 2148 2
503 2082 662 2148 Post
700 2082 769 2147 id
808 2082 1126 2166 proelium
1154 2081 1428 2147 eundem
1455 2081 1838 2147 Pausaniam
1879 2103 2026 2147 cum
2056 2083 2264 2150 classe

333 2168 659 2241 communi
703 2165 986 2249 Cyprum
1027 2170 1220 2250 atque
1262 2166 1753 2250 Hellespontum
1795 2167 2137 2249 miserunt,
2183 2172 2266 2231 ut

334 2274 414 2315 ex
474 2251 578 2314 his
630 2250 1003 2334 regionibus
1052 2250 1470 2330 barbarorum
1523 2249 1837 2333 praesidia
1889 2250 2260 2333 depelleret.

273 2348 306 2396 2
336 2334 478 2419 pari
503 2333 810 2397 felicitate
847 2334 917 2398 in
960 2355 1038 2398 ea
1075 2355 1146 2398 re
1188 2355 1342 2398 usus
1390 2333 1617 2397 elatius
1660 2355 1727 2398 se
1816 2355 1991 2398 erere
2043 2334 2264 2419 coepit

174 2463 231 2510 V
333 2419 734 2501 maioresque
787 2422 1086 2501 appetere
1143 2439 1263 2483 res.
1363 2439 1517 2482 nam
1571 2438 1717 2494 curn
1839 2419 2095 2501 yzantio
2152 2440 2266 2483 ex-

333 2505 623 2587 pugnato
665 2503 940 2586 cepisset
980 2502 1338 2586 complures
1377 2501 1718 2566 Persarum
1770 2502 2021 2567 nobiles
2064 2506 2263 2586 atque

334 2588 408 2652 in
447 2588 528 2653 iis
569 2586 919 2651 nonnullos
972 2587 1146 2683 regis
1192 2586 1621 2669 propinquos,
1677 2585 1801 2666 hos
1852 2587 2017 2650 clam
2056 2585 2262 2651 Xerxi

331 2672 598 2754 remisit,
642 2671 949 2735 simulans
979 2692 1056 2734 ex
1083 2670 1314 2734 vmclis
1340 2668 1614 2751 publicis
1644 2669 1958 2768 effugisse,
2004 2673 2071 2734 et
2111 2691 2262 2736 eum
2379 2719 2380 2722 ,

336 2758 417 2821 iis
449 2756 820 2840 Gongylum
847 2754 1300 2835 Eretriensem,
1345 2754 1457 2836 qui
1498 2753 1747 2818 litteras
1775 2774 1913 2840 regi
1946 2752 2259 2838 redderet,

336 2842 409 2904 in
496 2840 682 2903 uibus
736 2839 894 2902 haec
947 2838 1144 2902 fuisse
1193 2837 1433 2920 scripta
1470 2836 1871 2921 Thucydides
1913 2838 2263 2903 memoriae

277 2935 309 2982 3
337 2945 457 3009 pro
503 2922 649 2986 idit:
697 2922 1089 3004 ‘PausaniaS,
1112 2920 1241 2984 dux
1263 2919 1547 3005 Spartae,
1573 2943 1735 3005 quos
1761 2920 2062 3007 Byzantii
2081 2943 2262 3005 cepe-

336 3011 455 3091 rat,
499 3010 843 3090 postquam
883 3006 1120 3089 propin
1163 3026 1282 3069 uos
1310 3010 1458 3069 tuos
1486 3006 1810 3089 cognovit,
1840 3006 1976 3071 'tibi
2008 3005 2263 3071 muneri

338 3091 516 3154 misit
558 3111 752 3186 seque
794 3093 1007 3153 tecum
1060 3088 1132 3153 af
1226 3089 1377 3153 'tate
1430 3089 1737 3174 coniungi
1781 3090 1985 3172 cupit:
2041 3079 2270 3175 quai-‘52'

278 3183 311 3228 4
341 3173 397 3234 si
449 3172 572 3235 fibi
613 3172 893 3255 videtur,
948 3172 1057 3236 des
1114 3172 1176 3236 ei
1217 3172 1418 3236 filiam
1469 3175 1650 3236 tuam
1691 3177 1984 3256 nuptum.
2086 3171 2153 3238 id
2203 3175 2260 3239 si

337 3253 593 3336 feceris,
650 3259 717 3319 et
757 3254 1053 3338 Spartam
1107 3260 1174 3320 et
1216 3259 1489 3320 ceteram
1532 3256 1866 3321 Graeciam
1920 3257 2039 3322 sub
2082 3262 2260 3324 tuam

339 3338 721 3477 potestatem
783 3360 851 3402 se
915 3338 1257 3406 adiuvante
1314 3342 1381 3403 te
1443 3338 1848 3405 redacturum
1897 3342 2256 3424 pollicetur.

386 3415 442 3477 is
487 3414 563 3478 de
605 3421 793 3483 rebus
835 3422 892 3484 si
935 3421 1091 3504 quid
1132 3423 1272 3508 geri
1300 3422 1597 3505 volueriS,
1642 3427 1886 3488 certum
1929 3425 2259 3493 hominem
