<?xml version="1.0" encoding="UTF-8"?>
<!DOCTYPE html PUBLIC "-//W3C//DTD XHTML 1.0 Transitional//EN"
    "http://www.w3.org/TR/xhtml1/DTD/xhtml1-transitional.dtd">
<html xmlns="http://www.w3.org/1999/xhtml" xml:lang="en" lang="en">
 <head>
  <title>
</title>
<meta http-equiv="Content-Type" content="text/html;charset=utf-8" />
  <meta name='ocr-system' content='tesseract 3.04.00' />
  <meta name='ocr-capabilities' content='ocr_page ocr_carea ocr_par ocr_line ocrx_word'/>
</head>
<body>
  <div class='ocr_page' id='page_1' title='image "./tlucreticarider01unkngoog_0220.png"; bbox 0 0 2409 3825; ppageno 0'>
   <div class='ocr_carea' id='block_1_1' title="bbox 201 223 1229 289">
    <p class='ocr_par' dir='ltr' id='par_1_1' title="bbox 201 223 1229 289">
     <span class='ocr_line' id='line_1_1' title="bbox 201 223 1229 289; baseline -0.006 0"><span class='ocrx_word' id='word_1_1' title='bbox 201 228 324 289; x_wconf 81' lang='lat'><strong>196</strong></span> <span class='ocrx_word' id='word_1_2' title='bbox 1146 223 1229 284; x_wconf 89' lang='lat' dir='ltr'><strong>vl</strong></span> 
     </span>
    </p>
   </div>
   <div class='ocr_carea' id='block_1_2' title="bbox 154 394 2009 3561">
    <p class='ocr_par' dir='ltr' id='par_1_2' title="bbox 154 394 2001 2142">
     <span class='ocr_line' id='line_1_2' title="bbox 201 394 1935 473; baseline -0.003 -13"><span class='ocrx_word' id='word_1_3' title='bbox 201 407 337 460; x_wconf 86' lang='lat'>1190</span> <span class='ocrx_word' id='word_1_4' title='bbox 365 414 476 456; x_wconf 91' lang='lat' dir='ltr'><strong>non</strong></span> <span class='ocrx_word' id='word_1_5' title='bbox 502 395 817 455; x_wconf 84' lang='lat' dir='ltr'>dubitabat:</span> <span class='ocrx_word' id='word_1_6' title='bbox 844 397 977 454; x_wconf 89' lang='lat' dir='ltr'><strong>item</strong></span> <span class='ocrx_word' id='word_1_7' title='bbox 1001 395 1068 453; x_wconf 90' lang='lat' dir='ltr'><strong>ad</strong></span> <span class='ocrx_word' id='word_1_8' title='bbox 1092 412 1416 472; x_wconf 85' lang='lat' dir='ltr'><strong>supremum</strong></span> <span class='ocrx_word' id='word_1_9' title='bbox 1439 394 1684 471; x_wconf 88' lang='lat' dir='ltr'><strong>denique</strong></span> <span class='ocrx_word' id='word_1_10' title='bbox 1707 403 1935 473; x_wconf 88' lang='lat' dir='ltr'><strong>tempus</strong></span> 
     </span>
     <span class='ocr_line' id='line_1_3' title="bbox 368 480 1625 557; baseline -0.003 -18"><span class='ocrx_word' id='word_1_11' title='bbox 368 497 715 557; x_wconf 79' lang='lat' dir='ltr'><strong>conpressae</strong></span> <span class='ocrx_word' id='word_1_12' title='bbox 741 496 904 538; x_wconf 86' lang='lat' dir='ltr'><strong>nares</strong></span> <span class='ocrx_word' id='word_1_13' title='bbox 923 524 939 554; x_wconf 87' lang='lat'>‚</span> <span class='ocrx_word' id='word_1_14' title='bbox 964 481 1083 537; x_wconf 89' lang='lat' dir='ltr'><strong>nasi</strong></span> <span class='ocrx_word' id='word_1_15' title='bbox 1110 480 1366 555; x_wconf 88' lang='lat' dir='ltr'><strong>primoris</strong></span> <span class='ocrx_word' id='word_1_16' title='bbox 1389 495 1625 536; x_wconf 85' lang='lat' dir='ltr'><strong>acumen</strong></span> 
     </span>
     <span class='ocr_line' id='line_1_4' title="bbox 365 559 1891 640; baseline -0.001 -17"><span class='ocrx_word' id='word_1_17' title='bbox 365 575 569 640; x_wconf 83' lang='lat' dir='ltr'><strong>tenve,</strong></span> <span class='ocrx_word' id='word_1_18' title='bbox 598 563 776 622; x_wconf 86' lang='lat' dir='ltr'><strong>cavati</strong></span> <span class='ocrx_word' id='word_1_19' title='bbox 807 560 993 638; x_wconf 88' lang='lat' dir='ltr'><strong>oculi,</strong></span> <span class='ocrx_word' id='word_1_20' title='bbox 1022 579 1157 620; x_wconf 86' lang='lat' dir='ltr'><strong>cava</strong></span> <span class='ocrx_word' id='word_1_21' title='bbox 1181 571 1439 638; x_wconf 89' lang='lat' dir='ltr'><strong>tempora</strong></span> <span class='ocrx_word' id='word_1_22' title='bbox 1457 606 1474 636; x_wconf 79' lang='lat'>‚</span> <span class='ocrx_word' id='word_1_23' title='bbox 1497 559 1699 638; x_wconf 87' lang='lat' dir='ltr'><strong>frigida</strong></span> <span class='ocrx_word' id='word_1_24' title='bbox 1722 560 1891 639; x_wconf 86' lang='lat' dir='ltr'><strong>pellis</strong></span> 
     </span>
     <span class='ocr_line' id='line_1_5' title="bbox 367 644 2001 724; baseline -0.001 -19"><span class='ocrx_word' id='word_1_25' title='bbox 367 647 649 724; x_wconf 81' lang='lat' dir='ltr'><strong>duraque,</strong></span> <span class='ocrx_word' id='word_1_26' title='bbox 674 645 1076 705; x_wconf 82' lang='lat' dir='ltr'><strong>inhorrescens</strong></span> <span class='ocrx_word' id='word_1_27' title='bbox 1101 646 1302 704; x_wconf 89' lang='lat' dir='ltr'><strong>rictum</strong></span> <span class='ocrx_word' id='word_1_28' title='bbox 1322 689 1338 721; x_wconf 80' lang='grc'><em>,</em></span> <span class='ocrx_word' id='word_1_29' title='bbox 1366 644 1522 704; x_wconf 86' lang='lat' dir='ltr'><strong>frons</strong></span> <span class='ocrx_word' id='word_1_30' title='bbox 1549 654 1702 704; x_wconf 88' lang='lat' dir='ltr'><strong>tenta</strong></span> <span class='ocrx_word' id='word_1_31' title='bbox 1729 646 2001 705; x_wconf 77' lang='lat' dir='ltr'><strong>tumebat.</strong></span> 
     </span>
     <span class='ocr_line' id='line_1_6' title="bbox 366 727 1697 806; baseline -0.002 -17"><span class='ocrx_word' id='word_1_32' title='bbox 366 749 476 789; x_wconf 92' lang='lat' dir='ltr'><strong>nec</strong></span> <span class='ocrx_word' id='word_1_33' title='bbox 499 731 667 789; x_wconf 88' lang='lat' dir='ltr'><strong>nimio</strong></span> <span class='ocrx_word' id='word_1_34' title='bbox 689 729 851 805; x_wconf 82' lang='lat' dir='ltr'>rigidi</span> <span class='ocrx_word' id='word_1_35' title='bbox 878 738 1009 806; x_wconf 88' lang='lat' dir='ltr'><strong>post</strong></span> <span class='ocrx_word' id='word_1_36' title='bbox 1032 737 1183 787; x_wconf 89' lang='lat' dir='ltr'><strong>artus</strong></span> <span class='ocrx_word' id='word_1_37' title='bbox 1216 737 1397 787; x_wconf 89' lang='lat' dir='ltr'><strong>morte</strong></span> <span class='ocrx_word' id='word_1_38' title='bbox 1421 727 1697 787; x_wconf 86' lang='lat' dir='ltr'><strong>iacebant.</strong></span> 
     </span>
     <span class='ocr_line' id='line_1_7' title="bbox 154 810 1517 890; baseline -0.006 -13"><span class='ocrx_word' id='word_1_39' title='bbox 154 870 157 875; x_wconf 95' lang='lat'>.</span> <span class='ocrx_word' id='word_1_40' title='bbox 201 822 335 876; x_wconf 88' lang='grc'>1195</span> <span class='ocrx_word' id='word_1_41' title='bbox 366 823 686 890; x_wconf 85' lang='lat' dir='ltr'><strong>octavoque</strong></span> <span class='ocrx_word' id='word_1_42' title='bbox 711 812 834 870; x_wconf 84' lang='lat' dir='ltr'><strong>fere</strong></span> <span class='ocrx_word' id='word_1_43' title='bbox 858 812 1116 870; x_wconf 88' lang='lat' dir='ltr'><strong>candenti</strong></span> <span class='ocrx_word' id='word_1_44' title='bbox 1141 810 1347 870; x_wconf 88' lang='lat' dir='ltr'><strong>lumine</strong></span> <span class='ocrx_word' id='word_1_45' title='bbox 1377 810 1517 871; x_wconf 89' lang='lat' dir='ltr'><strong>solis</strong></span> 
     </span>
     <span class='ocr_line' id='line_1_8' title="bbox 365 894 1644 973; baseline -0.002 -18"><span class='ocrx_word' id='word_1_46' title='bbox 365 898 646 956; x_wconf 88' lang='lat' dir='ltr'><strong>autetiam</strong></span> <span class='ocrx_word' id='word_1_47' title='bbox 666 913 811 954; x_wconf 88' lang='lat' dir='ltr'><strong>nona</strong></span> <span class='ocrx_word' id='word_1_48' title='bbox 835 894 1144 954; x_wconf 82' lang='lat' dir='ltr'><strong>reddebant</strong></span> <span class='ocrx_word' id='word_1_49' title='bbox 1173 894 1432 973; x_wconf 87' lang='lat' dir='ltr'><strong>lampade</strong></span> <span class='ocrx_word' id='word_1_50' title='bbox 1460 896 1644 954; x_wconf 87' lang='lat' dir='ltr'><strong>vitam.</strong></span> 
     </span>
     <span class='ocr_line' id='line_1_9' title="bbox 369 977 1514 1058; baseline -0.002 -21"><span class='ocrx_word' id='word_1_51' title='bbox 369 997 604 1058; x_wconf 89' lang='lat' dir='ltr'><strong>quorum</strong></span> <span class='ocrx_word' id='word_1_52' title='bbox 628 981 805 1056; x_wconf 89' lang='lat' dir='ltr'><strong>siquis</strong></span> <span class='ocrx_word' id='word_1_53' title='bbox 828 981 921 1037; x_wconf 84' lang='lat' dir='ltr'><strong>vix</strong></span> <span class='ocrx_word' id='word_1_54' title='bbox 942 981 1138 1038; x_wconf 84' lang='lat' dir='ltr'><strong>vitarat</strong></span> <span class='ocrx_word' id='word_1_55' title='bbox 1159 978 1358 1037; x_wconf 82' lang='lat' dir='ltr'><strong>funera</strong></span> <span class='ocrx_word' id='word_1_56' title='bbox 1379 977 1514 1054; x_wconf 81' lang='lat' dir='ltr'><strong>leti,</strong></span> 
     </span>
     <span class='ocr_line' id='line_1_10' title="bbox 366 1061 1557 1140; baseline -0.002 -19"><span class='ocrx_word' id='word_1_57' title='bbox 366 1063 654 1122; x_wconf 88' lang='lat' dir='ltr'><strong>ulceribus</strong></span> <span class='ocrx_word' id='word_1_58' title='bbox 677 1064 870 1121; x_wconf 90' lang='lat' dir='ltr'><strong>taetris</strong></span> <span class='ocrx_word' id='word_1_59' title='bbox 900 1072 958 1121; x_wconf 90' lang='lat' dir='ltr'><strong>et</strong></span> <span class='ocrx_word' id='word_1_60' title='bbox 981 1064 1136 1138; x_wconf 87' lang='lat' dir='ltr'><strong>nigra</strong></span> <span class='ocrx_word' id='word_1_61' title='bbox 1161 1062 1421 1140; x_wconf 85' lang='lat' dir='ltr'><strong>proluvie</strong></span> <span class='ocrx_word' id='word_1_62' title='bbox 1445 1061 1557 1120; x_wconf 84' lang='lat' dir='ltr'><strong>alvi</strong></span> 
     </span>
     <span class='ocr_line' id='line_1_11' title="bbox 367 1144 1853 1224; baseline -0.001 -19"><span class='ocrx_word' id='word_1_63' title='bbox 367 1149 652 1224; x_wconf 85' lang='lat' dir='ltr'><strong>posterius</strong></span> <span class='ocrx_word' id='word_1_64' title='bbox 677 1155 860 1205; x_wconf 90' lang='lat' dir='ltr'><strong>tamen</strong></span> <span class='ocrx_word' id='word_1_65' title='bbox 887 1145 1035 1204; x_wconf 89' lang='lat' dir='ltr'><strong>hunc</strong></span> <span class='ocrx_word' id='word_1_66' title='bbox 1063 1145 1226 1205; x_wconf 85' lang='lat' dir='ltr'><strong>tabes</strong></span> <span class='ocrx_word' id='word_1_67' title='bbox 1252 1144 1541 1223; x_wconf 89' lang='lat' dir='ltr'><strong>letumque</strong></span> <span class='ocrx_word' id='word_1_68' title='bbox 1562 1144 1853 1221; x_wconf 76' lang='lat' dir='ltr'><strong>manebat,</strong></span> 
     </span>
     <span class='ocr_line' id='line_1_12' title="bbox 203 1226 1679 1307; baseline -0.004 -15"><span class='ocrx_word' id='word_1_69' title='bbox 203 1227 351 1292; x_wconf 83' lang='grc'>1200</span> <span class='ocrx_word' id='word_1_70' title='bbox 367 1240 461 1290; x_wconf 89' lang='lat' dir='ltr'><strong>aut</strong></span> <span class='ocrx_word' id='word_1_71' title='bbox 484 1231 650 1289; x_wconf 89' lang='lat' dir='ltr'><strong>etiam</strong></span> <span class='ocrx_word' id='word_1_72' title='bbox 670 1229 874 1288; x_wconf 91' lang='lat' dir='ltr'><strong>multus</strong></span> <span class='ocrx_word' id='word_1_73' title='bbox 900 1231 1099 1307; x_wconf 88' lang='lat' dir='ltr'><strong>capitis</strong></span> <span class='ocrx_word' id='word_1_74' title='bbox 1129 1246 1256 1288; x_wconf 91' lang='lat' dir='ltr'><strong>cum</strong></span> <span class='ocrx_word' id='word_1_75' title='bbox 1279 1246 1456 1307; x_wconf 84' lang='lat' dir='ltr'><strong>saepe</strong></span> <span class='ocrx_word' id='word_1_76' title='bbox 1480 1226 1679 1287; x_wconf 79' lang='lat' dir='ltr'><strong>dolore</strong></span> 
     </span>
     <span class='ocr_line' id='line_1_13' title="bbox 372 1312 1617 1391; baseline -0.002 -19"><span class='ocrx_word' id='word_1_77' title='bbox 372 1321 670 1391; x_wconf 87' lang='lat' dir='ltr'><strong>corruptus</strong></span> <span class='ocrx_word' id='word_1_78' title='bbox 695 1314 924 1389; x_wconf 84' lang='lat' dir='ltr'><strong>sanguis</strong></span> <span class='ocrx_word' id='word_1_79' title='bbox 949 1313 1194 1390; x_wconf 83' lang='lat' dir='ltr'><strong>expletis</strong></span> <span class='ocrx_word' id='word_1_80' title='bbox 1220 1312 1447 1372; x_wconf 85' lang='lat' dir='ltr'><strong>naribus</strong></span> <span class='ocrx_word' id='word_1_81' title='bbox 1474 1312 1617 1370; x_wconf 90' lang='lat' dir='ltr'><strong>ibat:</strong></span> 
     </span>
     <span class='ocr_line' id='line_1_14' title="bbox 368 1394 1703 1474; baseline -0.002 -19"><span class='ocrx_word' id='word_1_82' title='bbox 368 1397 479 1456; x_wconf 91' lang='lat' dir='ltr'><strong>huc</strong></span> <span class='ocrx_word' id='word_1_83' title='bbox 504 1396 742 1455; x_wconf 88' lang='lat' dir='ltr'><strong>hominis</strong></span> <span class='ocrx_word' id='word_1_84' title='bbox 766 1407 918 1456; x_wconf 88' lang='lat' dir='ltr'><strong>totae</strong></span> <span class='ocrx_word' id='word_1_85' title='bbox 942 1399 1094 1456; x_wconf 88' lang='lat' dir='ltr'><strong>vires</strong></span> <span class='ocrx_word' id='word_1_86' title='bbox 1121 1412 1448 1474; x_wconf 87' lang='lat' dir='ltr'><strong>corpusque</strong></span> <span class='ocrx_word' id='word_1_87' title='bbox 1479 1394 1703 1454; x_wconf 87' lang='lat' dir='ltr'><strong>fluebat.</strong></span> 
     </span>
     <span class='ocr_line' id='line_1_15' title="bbox 367 1480 1675 1559; baseline -0.002 -22"><span class='ocrx_word' id='word_1_88' title='bbox 367 1480 700 1557; x_wconf 86' lang='lat' dir='ltr'><strong>profluvium</strong></span> <span class='ocrx_word' id='word_1_89' title='bbox 724 1497 896 1557; x_wconf 90' lang='lat' dir='ltr'><strong>porro</strong></span> <span class='ocrx_word' id='word_1_90' title='bbox 923 1482 1016 1559; x_wconf 90' lang='lat' dir='ltr'><strong>qui</strong></span> <span class='ocrx_word' id='word_1_91' title='bbox 1039 1482 1202 1539; x_wconf 84' lang='lat' dir='ltr'><strong>taetri</strong></span> <span class='ocrx_word' id='word_1_92' title='bbox 1228 1481 1514 1556; x_wconf 87' lang='lat' dir='ltr'><strong>sanguinis</strong></span> <span class='ocrx_word' id='word_1_93' title='bbox 1543 1496 1675 1537; x_wconf 87' lang='lat' dir='ltr'><strong>acre</strong></span> 
     </span>
     <span class='ocr_line' id='line_1_16' title="bbox 370 1562 1815 1640; baseline 0 -18"><span class='ocrx_word' id='word_1_94' title='bbox 370 1566 587 1622; x_wconf 84' lang='lat' dir='ltr'><strong>exierat</strong></span> <span class='ocrx_word' id='word_1_95' title='bbox 605 1583 632 1640; x_wconf 78' lang='lat'><strong>‚¹</strong></span> <span class='ocrx_word' id='word_1_96' title='bbox 649 1573 833 1623; x_wconf 90' lang='lat' dir='ltr'><strong>tamen</strong></span> <span class='ocrx_word' id='word_1_97' title='bbox 856 1565 911 1622; x_wconf 91' lang='lat' dir='ltr'><strong>in</strong></span> <span class='ocrx_word' id='word_1_98' title='bbox 941 1580 1148 1623; x_wconf 84' lang='lat' dir='ltr'><strong>nervos</strong></span> <span class='ocrx_word' id='word_1_99' title='bbox 1173 1562 1305 1621; x_wconf 87' lang='lat' dir='ltr'><strong>huic</strong></span> <span class='ocrx_word' id='word_1_100' title='bbox 1328 1562 1558 1621; x_wconf 84' lang='lat' dir='ltr'><strong>morbus</strong></span> <span class='ocrx_word' id='word_1_101' title='bbox 1583 1571 1642 1621; x_wconf 89' lang='lat' dir='ltr'><strong>et</strong></span> <span class='ocrx_word' id='word_1_102' title='bbox 1664 1570 1815 1622; x_wconf 87' lang='lat' dir='ltr'><strong>artus</strong></span> 
     </span>
     <span class='ocr_line' id='line_1_17' title="bbox 202 1646 1601 1725; baseline -0.002 -19"><span class='ocrx_word' id='word_1_103' title='bbox 202 1656 335 1708; x_wconf 90' lang='grc'>1205</span> <span class='ocrx_word' id='word_1_104' title='bbox 366 1648 480 1706; x_wconf 91' lang='lat' dir='ltr'><strong>ibat</strong></span> <span class='ocrx_word' id='word_1_105' title='bbox 502 1658 559 1706; x_wconf 92' lang='lat' dir='ltr'><strong>et</strong></span> <span class='ocrx_word' id='word_1_106' title='bbox 582 1650 636 1705; x_wconf 90' lang='lat' dir='ltr'><strong>in</strong></span> <span class='ocrx_word' id='word_1_107' title='bbox 659 1650 833 1725; x_wconf 88' lang='lat' dir='ltr'><strong>partis</strong></span> <span class='ocrx_word' id='word_1_108' title='bbox 858 1646 1119 1724; x_wconf 85' lang='lat' dir='ltr'><strong>genitalis</strong></span> <span class='ocrx_word' id='word_1_109' title='bbox 1145 1649 1404 1725; x_wconf 84' lang='lat' dir='ltr'><strong>corporis</strong></span> <span class='ocrx_word' id='word_1_110' title='bbox 1430 1647 1601 1723; x_wconf 88' lang='lat' dir='ltr'><strong>ipsas.</strong></span> 
     </span>
     <span class='ocr_line' id='line_1_18' title="bbox 368 1727 1599 1809; baseline -0.002 -19"><span class='ocrx_word' id='word_1_111' title='bbox 368 1742 426 1790; x_wconf 89' lang='lat' dir='ltr'><strong>et</strong></span> <span class='ocrx_word' id='word_1_112' title='bbox 454 1733 703 1808; x_wconf 84' lang='lat' dir='ltr'><strong>graviter</strong></span> <span class='ocrx_word' id='word_1_113' title='bbox 726 1733 925 1809; x_wconf 88' lang='lat' dir='ltr'><strong>partim</strong></span> <span class='ocrx_word' id='word_1_114' title='bbox 945 1739 1265 1790; x_wconf 87' lang='lat' dir='ltr'><strong>metuentes</strong></span> <span class='ocrx_word' id='word_1_115' title='bbox 1289 1728 1476 1788; x_wconf 85' lang='lat' dir='ltr'><strong>limina</strong></span> <span class='ocrx_word' id='word_1_116' title='bbox 1492 1727 1599 1800; x_wconf 80' lang='lat' dir='ltr'><strong>leti</strong></span> 
     </span>
     <span class='ocr_line' id='line_1_19' title="bbox 368 1811 1427 1892; baseline -0.003 -19"><span class='ocrx_word' id='word_1_117' title='bbox 368 1815 634 1873; x_wconf 81' lang='lat' dir='ltr'><strong>vivebant</strong></span> <span class='ocrx_word' id='word_1_118' title='bbox 654 1813 811 1878; x_wconf 85' lang='lat' dir='ltr'><strong>ferro</strong></span> <span class='ocrx_word' id='word_1_119' title='bbox 836 1816 1033 1892; x_wconf 84' lang='lat' dir='ltr'><strong>privati</strong></span> <span class='ocrx_word' id='word_1_120' title='bbox 1057 1824 1219 1891; x_wconf 87' lang='lat' dir='ltr'><strong>parte</strong></span> <span class='ocrx_word' id='word_1_121' title='bbox 1242 1811 1427 1890; x_wconf 83' lang='lat' dir='ltr'><strong>virili,</strong></span> 
     </span>
     <span class='ocr_line' id='line_1_20' title="bbox 369 1896 1818 1977; baseline 0 -20"><span class='ocrx_word' id='word_1_122' title='bbox 369 1907 427 1958; x_wconf 90' lang='lat' dir='ltr'><strong>et</strong></span> <span class='ocrx_word' id='word_1_123' title='bbox 449 1898 700 1958; x_wconf 89' lang='lat' dir='ltr'><strong>manibus</strong></span> <span class='ocrx_word' id='word_1_124' title='bbox 724 1899 847 1958; x_wconf 88' lang='lat' dir='ltr'><strong>sine</strong></span> <span class='ocrx_word' id='word_1_125' title='bbox 868 1897 1116 1958; x_wconf 85' lang='lat' dir='ltr'><strong>nonnulli</strong></span> <span class='ocrx_word' id='word_1_126' title='bbox 1142 1896 1500 1977; x_wconf 84' lang='lat' dir='ltr'><strong>pedibusque</strong></span> <span class='ocrx_word' id='word_1_127' title='bbox 1525 1896 1818 1957; x_wconf 90' lang='lat' dir='ltr'><strong>manebant</strong></span> 
     </span>
     <span class='ocr_line' id='line_1_21' title="bbox 368 1982 1713 2061; baseline 0 -21"><span class='ocrx_word' id='word_1_128' title='bbox 368 1984 422 2040; x_wconf 90' lang='lat' dir='ltr'><strong>in</strong></span> <span class='ocrx_word' id='word_1_129' title='bbox 446 1982 558 2040; x_wconf 84' lang='lat' dir='ltr'><strong>vita</strong></span> <span class='ocrx_word' id='word_1_130' title='bbox 582 1992 764 2041; x_wconf 89' lang='lat' dir='ltr'><strong>tamen</strong></span> <span class='ocrx_word' id='word_1_131' title='bbox 782 2028 798 2058; x_wconf 85' lang='lat'><strong>‚</strong></span> <span class='ocrx_word' id='word_1_132' title='bbox 831 1990 890 2042; x_wconf 90' lang='lat' dir='ltr'><strong>et</strong></span> <span class='ocrx_word' id='word_1_133' title='bbox 920 1982 1234 2061; x_wconf 87' lang='lat' dir='ltr'><strong>perdebant</strong></span> <span class='ocrx_word' id='word_1_134' title='bbox 1260 1982 1464 2041; x_wconf 89' lang='lat' dir='ltr'><strong>lumina</strong></span> <span class='ocrx_word' id='word_1_135' title='bbox 1488 1983 1713 2059; x_wconf 89' lang='lat' dir='ltr'><strong>partim:</strong></span> 
     </span>
     <span class='ocr_line' id='line_1_22' title="bbox 202 2065 1784 2142; baseline -0.001 -18"><span class='ocrx_word' id='word_1_136' title='bbox 202 2074 338 2125; x_wconf 90' lang='grc'>1210</span> <span class='ocrx_word' id='word_1_137' title='bbox 372 2083 552 2142; x_wconf 88' lang='lat' dir='ltr'><strong>usque</strong></span> <span class='ocrx_word' id='word_1_138' title='bbox 584 2065 727 2124; x_wconf 90' lang='lat' dir='ltr'><strong>adeo</strong></span> <span class='ocrx_word' id='word_1_139' title='bbox 750 2069 945 2125; x_wconf 87' lang='lat' dir='ltr'><strong>mortis</strong></span> <span class='ocrx_word' id='word_1_140' title='bbox 967 2074 1150 2126; x_wconf 87' lang='lat' dir='ltr'><strong>metus</strong></span> <span class='ocrx_word' id='word_1_141' title='bbox 1177 2065 1266 2126; x_wconf 88' lang='lat' dir='ltr'><strong>his</strong></span> <span class='ocrx_word' id='word_1_142' title='bbox 1288 2066 1605 2127; x_wconf 79' lang='lat' dir='ltr'><strong>incesserat</strong></span> <span class='ocrx_word' id='word_1_143' title='bbox 1632 2082 1784 2124; x_wconf 88' lang='lat' dir='ltr'><strong>acer.</strong></span> 
     </span>
    </p>

    <p class='ocr_par' dir='ltr' id='par_1_3' title="bbox 312 2148 2009 2478">
     <span class='ocr_line' id='line_1_23' title="bbox 312 2148 1703 2227; baseline -0.001 -19"><span class='ocrx_word' id='word_1_144' title='bbox 312 2201 321 2208; x_wconf 29' lang='grc' dir='ltr'><em>Ι</em></span> <span class='ocrx_word' id='word_1_145' title='bbox 368 2159 538 2226; x_wconf 90' lang='lat' dir='ltr'><strong>atque</strong></span> <span class='ocrx_word' id='word_1_146' title='bbox 564 2151 730 2208; x_wconf 87' lang='lat' dir='ltr'><strong>etiam</strong></span> <span class='ocrx_word' id='word_1_147' title='bbox 753 2149 1025 2227; x_wconf 89' lang='lat' dir='ltr'><strong>quosdam</strong></span> <span class='ocrx_word' id='word_1_148' title='bbox 1049 2167 1263 2227; x_wconf 89' lang='lat' dir='ltr'><strong>cepere</strong></span> <span class='ocrx_word' id='word_1_149' title='bbox 1288 2148 1494 2208; x_wconf 86' lang='lat' dir='ltr'><strong>oblivia</strong></span> <span class='ocrx_word' id='word_1_150' title='bbox 1517 2166 1703 2206; x_wconf 88' lang='lat' dir='ltr'><strong>rerum</strong></span> 
     </span>
     <span class='ocr_line' id='line_1_24' title="bbox 371 2231 1914 2311; baseline -0.001 -20"><span class='ocrx_word' id='word_1_151' title='bbox 371 2241 693 2291; x_wconf 86' lang='lat' dir='ltr'><strong>cunctarum</strong></span> <span class='ocrx_word' id='word_1_152' title='bbox 712 2276 729 2307; x_wconf 79' lang='lat'>‚</span> <span class='ocrx_word' id='word_1_153' title='bbox 762 2251 948 2309; x_wconf 90' lang='lat' dir='ltr'><strong>neque</strong></span> <span class='ocrx_word' id='word_1_154' title='bbox 972 2252 1038 2292; x_wconf 86' lang='lat' dir='ltr'><strong>se</strong></span> <span class='ocrx_word' id='word_1_155' title='bbox 1062 2231 1303 2311; x_wconf 77' lang='lat' dir='ltr'><strong>po&#39;ssent</strong></span> <span class='ocrx_word' id='word_1_156' title='bbox 1327 2248 1682 2309; x_wconf 79' lang='lat' dir='ltr'><strong>cognoscere</strong></span> <span class='ocrx_word' id='word_1_157' title='bbox 1706 2240 1766 2290; x_wconf 90' lang='lat' dir='ltr'><strong>ut</strong></span> <span class='ocrx_word' id='word_1_158' title='bbox 1788 2233 1914 2310; x_wconf 87' lang='lat' dir='ltr'><strong>ipsi.</strong></span> 
     </span>
     <span class='ocr_line' id='line_1_25' title="bbox 366 2313 2009 2393; baseline 0.001 -21"><span class='ocrx_word' id='word_1_159' title='bbox 366 2314 651 2391; x_wconf 75' lang='lat' dir='ltr'><strong>multaque</strong></span> <span class='ocrx_word' id='word_1_160' title='bbox 674 2313 822 2373; x_wconf 87' lang='lat' dir='ltr'><strong>humi</strong></span> <span class='ocrx_word' id='word_1_161' title='bbox 848 2333 973 2375; x_wconf 91' lang='lat' dir='ltr'><strong>cum</strong></span> <span class='ocrx_word' id='word_1_162' title='bbox 994 2315 1273 2377; x_wconf 87' lang='lat' dir='ltr'><strong>inhumata</strong></span> <span class='ocrx_word' id='word_1_163' title='bbox 1293 2318 1546 2375; x_wconf 89' lang='lat' dir='ltr'><strong>iacerent</strong></span> <span class='ocrx_word' id='word_1_164' title='bbox 1571 2331 1811 2393; x_wconf 89' lang='lat' dir='ltr'><strong>corpora</strong></span> <span class='ocrx_word' id='word_1_165' title='bbox 1833 2332 2009 2393; x_wconf 87' lang='lat' dir='ltr'><strong>supra</strong></span> 
     </span>
     <span class='ocr_line' id='line_1_26' title="bbox 371 2396 1871 2478; baseline -0.001 -21"><span class='ocrx_word' id='word_1_166' title='bbox 371 2399 706 2476; x_wconf 84' lang='lat' dir='ltr'><strong>corporibus</strong></span> <span class='ocrx_word' id='word_1_167' title='bbox 725 2444 742 2474; x_wconf 77' lang='lat'>‚</span> <span class='ocrx_word' id='word_1_168' title='bbox 764 2407 948 2459; x_wconf 91' lang='lat' dir='ltr'><strong>tamen</strong></span> <span class='ocrx_word' id='word_1_169' title='bbox 975 2398 1204 2459; x_wconf 85' lang='lat' dir='ltr'><strong>alituum</strong></span> <span class='ocrx_word' id='word_1_170' title='bbox 1226 2417 1409 2478; x_wconf 88' lang='lat' dir='ltr'><strong>genus</strong></span> <span class='ocrx_word' id='word_1_171' title='bbox 1437 2408 1607 2477; x_wconf 90' lang='lat' dir='ltr'><strong>atque</strong></span> <span class='ocrx_word' id='word_1_172' title='bbox 1630 2396 1871 2458; x_wconf 77' lang='lat' dir='ltr'><strong>ferarum</strong></span> 
     </span>
    </p>

    <p class='ocr_par' dir='ltr' id='par_1_4' title="bbox 205 2481 1838 2895">
     <span class='ocr_line' id='line_1_27' title="bbox 205 2481 1838 2560; baseline 0.001 -21"><span class='ocrx_word' id='word_1_173' title='bbox 205 2490 337 2540; x_wconf 88' lang='grc'>1215</span> <span class='ocrx_word' id='word_1_174' title='bbox 367 2492 460 2540; x_wconf 89' lang='lat' dir='ltr'><strong>aut</strong></span> <span class='ocrx_word' id='word_1_175' title='bbox 483 2482 683 2560; x_wconf 88' lang='lat' dir='ltr'><strong>procul</strong></span> <span class='ocrx_word' id='word_1_176' title='bbox 707 2481 1007 2560; x_wconf 83' lang='lat' dir='ltr'><strong>apsiliebat</strong></span> <span class='ocrx_word' id='word_1_177' title='bbox 1023 2529 1041 2556; x_wconf 80' lang='lat'><em>‚</em></span> <span class='ocrx_word' id='word_1_178' title='bbox 1067 2494 1125 2544; x_wconf 90' lang='lat' dir='ltr'><strong>ut</strong></span> <span class='ocrx_word' id='word_1_179' title='bbox 1148 2501 1337 2544; x_wconf 88' lang='lat' dir='ltr'><strong>acrem</strong></span> <span class='ocrx_word' id='word_1_180' title='bbox 1361 2485 1545 2542; x_wconf 87' lang='lat' dir='ltr'><strong>exiret</strong></span> <span class='ocrx_word' id='word_1_181' title='bbox 1570 2482 1804 2541; x_wconf 89' lang='lat' dir='ltr'><strong>odorem</strong></span> <span class='ocrx_word' id='word_1_182' title='bbox 1820 2527 1838 2558; x_wconf 83' lang='lat'>,</span> 
     </span>
     <span class='ocr_line' id='line_1_28' title="bbox 369 2566 1811 2644; baseline -0.001 -20"><span class='ocrx_word' id='word_1_183' title='bbox 369 2574 493 2642; x_wconf 82' lang='lat' dir='ltr'><strong>aut,</strong></span> <span class='ocrx_word' id='word_1_184' title='bbox 519 2567 613 2624; x_wconf 89' lang='lat' dir='ltr'><strong>ubi</strong></span> <span class='ocrx_word' id='word_1_185' title='bbox 636 2576 921 2644; x_wconf 80' lang='lat' dir='ltr'><strong>gustarat,</strong></span> <span class='ocrx_word' id='word_1_186' title='bbox 945 2566 1251 2643; x_wconf 84' lang='lat' dir='ltr'><strong>languebat</strong></span> <span class='ocrx_word' id='word_1_187' title='bbox 1275 2576 1457 2626; x_wconf 90' lang='lat' dir='ltr'><strong>morte</strong></span> <span class='ocrx_word' id='word_1_188' title='bbox 1477 2566 1811 2643; x_wconf 86' lang='lat' dir='ltr'><strong>propinqua.</strong></span> 
     </span>
     <span class='ocr_line' id='line_1_29' title="bbox 368 2647 1690 2711; baseline 0 -3"><span class='ocrx_word' id='word_1_189' title='bbox 368 2668 477 2709; x_wconf 88' lang='lat' dir='ltr'><strong>nec</strong></span> <span class='ocrx_word' id='word_1_190' title='bbox 500 2659 684 2709; x_wconf 88' lang='lat' dir='ltr'><strong>tamen</strong></span> <span class='ocrx_word' id='word_1_191' title='bbox 709 2652 932 2709; x_wconf 90' lang='lat' dir='ltr'><strong>omnino</strong></span> <span class='ocrx_word' id='word_1_192' title='bbox 956 2661 1171 2711; x_wconf 86' lang='lat' dir='ltr'><strong>temere</strong></span> <span class='ocrx_word' id='word_1_193' title='bbox 1195 2649 1309 2710; x_wconf 88' lang='lat' dir='ltr'><strong>illis</strong></span> <span class='ocrx_word' id='word_1_194' title='bbox 1333 2650 1551 2710; x_wconf 87' lang='lat' dir='ltr'><strong>solibus</strong></span> <span class='ocrx_word' id='word_1_195' title='bbox 1577 2647 1690 2708; x_wconf 90' lang='lat' dir='ltr'><strong>ulla</strong></span> 
     </span>
     <span class='ocr_line' id='line_1_30' title="bbox 370 2732 1738 2810; baseline -0.002 -18"><span class='ocrx_word' id='word_1_196' title='bbox 370 2734 732 2810; x_wconf 88' lang='lat' dir='ltr'><strong>comparebat</strong></span> <span class='ocrx_word' id='word_1_197' title='bbox 760 2736 880 2794; x_wconf 89' lang='lat' dir='ltr'><strong>avis</strong></span> <span class='ocrx_word' id='word_1_198' title='bbox 899 2780 915 2810; x_wconf 85' lang='lat'><strong>‚</strong></span> <span class='ocrx_word' id='word_1_199' title='bbox 942 2753 1052 2794; x_wconf 89' lang='lat' dir='ltr'><strong>nec</strong></span> <span class='ocrx_word' id='word_1_200' title='bbox 1072 2736 1250 2793; x_wconf 87' lang='lat' dir='ltr'><strong>tristia</strong></span> <span class='ocrx_word' id='word_1_201' title='bbox 1282 2732 1474 2793; x_wconf 88' lang='lat' dir='ltr'><strong>saecla</strong></span> <span class='ocrx_word' id='word_1_202' title='bbox 1497 2733 1738 2792; x_wconf 86' lang='lat' dir='ltr'><strong>ferarum</strong></span> 
     </span>
     <span class='ocr_line' id='line_1_31' title="bbox 369 2815 1705 2895; baseline -0.001 -20"><span class='ocrx_word' id='word_1_203' title='bbox 369 2816 597 2875; x_wconf 86' lang='lat' dir='ltr'><strong>exibant</strong></span> <span class='ocrx_word' id='word_1_204' title='bbox 621 2818 812 2877; x_wconf 88' lang='lat' dir='ltr'><strong>silvis:</strong></span> <span class='ocrx_word' id='word_1_205' title='bbox 842 2816 1186 2895; x_wconf 74' lang='lat' dir='ltr'><strong>languebant</strong></span> <span class='ocrx_word' id='word_1_206' title='bbox 1209 2815 1482 2895; x_wconf 87' lang='lat' dir='ltr'><strong>pleraque</strong></span> <span class='ocrx_word' id='word_1_207' title='bbox 1508 2818 1705 2876; x_wconf 90' lang='lat' dir='ltr'><strong>morbo</strong></span> 
     </span>
    </p>

    <p class='ocr_par' dir='ltr' id='par_1_5' title="bbox 203 2901 1800 3306">
     <span class='ocr_line' id='line_1_32' title="bbox 203 2901 1673 2980; baseline 0.003 -24"><span class='ocrx_word' id='word_1_208' title='bbox 203 2907 338 2980; x_wconf 85' lang='grc'>1220</span> <span class='ocrx_word' id='word_1_209' title='bbox 368 2910 426 2959; x_wconf 85' lang='lat' dir='ltr'><strong>et</strong></span> <span class='ocrx_word' id='word_1_210' title='bbox 448 2901 845 2960; x_wconf 86' lang='lat' dir='ltr'><strong>moriebantur.</strong></span> <span class='ocrx_word' id='word_1_211' title='bbox 874 2919 998 2961; x_wconf 88' lang='lat' dir='ltr'><strong>cum</strong></span> <span class='ocrx_word' id='word_1_212' title='bbox 1019 2903 1212 2979; x_wconf 87' lang='lat' dir='ltr'><strong>primis</strong></span> <span class='ocrx_word' id='word_1_213' title='bbox 1235 2901 1342 2960; x_wconf 88' lang='lat' dir='ltr'><strong>fida</strong></span> <span class='ocrx_word' id='word_1_214' title='bbox 1367 2918 1564 2960; x_wconf 89' lang='lat' dir='ltr'><strong>canum</strong></span> <span class='ocrx_word' id='word_1_215' title='bbox 1587 2902 1673 2960; x_wconf 81' lang='lat' dir='ltr'><strong>vis</strong></span> 
     </span>
     <span class='ocr_line' id='line_1_33' title="bbox 367 2984 1790 3063; baseline -0.001 -20"><span class='ocrx_word' id='word_1_216' title='bbox 367 2993 538 3044; x_wconf 85' lang='lat' dir='ltr'><strong>strata</strong></span> <span class='ocrx_word' id='word_1_217' title='bbox 560 2986 668 3044; x_wconf 87' lang='lat' dir='ltr'><strong>viis</strong></span> <span class='ocrx_word' id='word_1_218' title='bbox 690 2987 923 3048; x_wconf 87' lang='lat' dir='ltr'><strong>animam</strong></span> <span class='ocrx_word' id='word_1_219' title='bbox 946 2985 1195 3063; x_wconf 90' lang='lat' dir='ltr'><strong>ponebat</strong></span> <span class='ocrx_word' id='word_1_220' title='bbox 1224 2985 1279 3043; x_wconf 87' lang='lat' dir='ltr'><strong>in</strong></span> <span class='ocrx_word' id='word_1_221' title='bbox 1303 2984 1561 3044; x_wconf 87' lang='lat' dir='ltr'><strong>omnibus</strong></span> <span class='ocrx_word' id='word_1_222' title='bbox 1587 3000 1790 3059; x_wconf 86' lang='lat' dir='ltr'><strong>aegre:</strong></span> 
     </span>
     <span class='ocr_line' id='line_1_34' title="bbox 369 3066 1800 3144; baseline -0.001 -19"><span class='ocrx_word' id='word_1_223' title='bbox 369 3069 745 3144; x_wconf 83' lang='lat' dir='ltr'><strong>extorquebat</strong></span> <span class='ocrx_word' id='word_1_224' title='bbox 768 3070 917 3127; x_wconf 90' lang='lat' dir='ltr'><strong>enim</strong></span> <span class='ocrx_word' id='word_1_225' title='bbox 938 3071 1108 3127; x_wconf 88' lang='lat' dir='ltr'><strong>vitam</strong></span> <span class='ocrx_word' id='word_1_226' title='bbox 1128 3071 1215 3128; x_wconf 87' lang='lat' dir='ltr'><strong>vis</strong></span> <span class='ocrx_word' id='word_1_227' title='bbox 1240 3066 1491 3128; x_wconf 89' lang='lat' dir='ltr'><strong>morbida</strong></span> <span class='ocrx_word' id='word_1_228' title='bbox 1515 3067 1800 3125; x_wconf 86' lang='lat' dir='ltr'><strong>membris.</strong></span> 
     </span>
     <span class='ocr_line' id='line_1_35' title="bbox 368 3149 1690 3212; baseline 0.003 -7"><span class='ocrx_word' id='word_1_229' title='bbox 368 3166 478 3206; x_wconf 88' lang='lat' dir='ltr'><strong>nec</strong></span> <span class='ocrx_word' id='word_1_230' title='bbox 502 3152 644 3209; x_wconf 88' lang='lat' dir='ltr'><strong>ratio</strong></span> <span class='ocrx_word' id='word_1_231' title='bbox 666 3152 881 3211; x_wconf 87' lang='lat' dir='ltr'><strong>remedi</strong></span> <span class='ocrx_word' id='word_1_232' title='bbox 903 3154 1212 3212; x_wconf 84' lang='lat' dir='ltr'><strong>communis</strong></span> <span class='ocrx_word' id='word_1_233' title='bbox 1244 3160 1399 3211; x_wconf 88' lang='lat' dir='ltr'><strong>certa</strong></span> <span class='ocrx_word' id='word_1_234' title='bbox 1427 3149 1690 3209; x_wconf 89' lang='lat' dir='ltr'><strong>dabatur:</strong></span> 
     </span>
     <span class='ocr_line' id='line_1_36' title="bbox 357 3229 1582 3306; baseline 0.006 -21"><span class='ocrx_word' id='word_1_235' title='bbox 357 3229 492 3286; x_wconf 84' lang='lat' dir='ltr'><strong>&#39;nam</strong></span> <span class='ocrx_word' id='word_1_236' title='bbox 516 3233 667 3306; x_wconf 88' lang='lat' dir='ltr'><strong>quod</strong></span> <span class='ocrx_word' id='word_1_237' title='bbox 689 3234 760 3293; x_wconf 87' lang='lat' dir='ltr'><strong>ali</strong></span> <span class='ocrx_word' id='word_1_238' title='bbox 789 3234 1021 3294; x_wconf 88' lang='lat' dir='ltr'><strong>dederat</strong></span> <span class='ocrx_word' id='word_1_239' title='bbox 1043 3234 1227 3295; x_wconf 88' lang='lat' dir='ltr'><strong>vitalis</strong></span> <span class='ocrx_word' id='word_1_240' title='bbox 1250 3237 1398 3295; x_wconf 76' lang='lat' dir='ltr'><strong>aeris</strong></span> <span class='ocrx_word' id='word_1_241' title='bbox 1421 3252 1582 3293; x_wconf 88' lang='lat' dir='ltr'><strong>auras</strong></span> 
     </span>
    </p>

    <p class='ocr_par' dir='ltr' id='par_1_6' title="bbox 203 3310 1698 3480">
     <span class='ocr_line' id='line_1_37' title="bbox 203 3310 1698 3395; baseline 0.009 -32"><span class='ocrx_word' id='word_1_242' title='bbox 203 3315 337 3366; x_wconf 87' lang='grc'>1225</span> <span class='ocrx_word' id='word_1_243' title='bbox 368 3310 603 3370; x_wconf 85' lang='lat' dir='ltr'><strong>volvere</strong></span> <span class='ocrx_word' id='word_1_244' title='bbox 627 3316 681 3373; x_wconf 90' lang='lat' dir='ltr'><strong>in</strong></span> <span class='ocrx_word' id='word_1_245' title='bbox 710 3335 810 3375; x_wconf 90' lang='lat' dir='ltr'><strong>ore</strong></span> <span class='ocrx_word' id='word_1_246' title='bbox 838 3317 1018 3376; x_wconf 88' lang='lat' dir='ltr'><strong>licere</strong></span> <span class='ocrx_word' id='word_1_247' title='bbox 1042 3329 1099 3377; x_wconf 89' lang='lat' dir='ltr'><strong>et</strong></span> <span class='ocrx_word' id='word_1_248' title='bbox 1127 3319 1269 3379; x_wconf 87' lang='lat' dir='ltr'><strong>caeli</strong></span> <span class='ocrx_word' id='word_1_249' title='bbox 1291 3317 1500 3395; x_wconf 87' lang='lat' dir='ltr'><strong>templa</strong></span> <span class='ocrx_word' id='word_1_250' title='bbox 1519 3320 1663 3377; x_wconf 89' lang='lat' dir='ltr'><strong>tueri</strong></span> <span class='ocrx_word' id='word_1_251' title='bbox 1681 3362 1698 3394; x_wconf 83' lang='lat'>,</span> 
     </span>
     <span class='ocr_line' id='line_1_38' title="bbox 369 3392 1551 3480; baseline 0.009 -33"><span class='ocrx_word' id='word_1_252' title='bbox 369 3392 481 3449; x_wconf 86' lang='lat' dir='ltr'><strong>hoc</strong></span> <span class='ocrx_word' id='word_1_253' title='bbox 508 3393 630 3453; x_wconf 87' lang='lat' dir='ltr'><strong>aliis</strong></span> <span class='ocrx_word' id='word_1_254' title='bbox 655 3408 774 3456; x_wconf 89' lang='lat' dir='ltr'><strong>erat</strong></span> <span class='ocrx_word' id='word_1_255' title='bbox 797 3402 968 3459; x_wconf 68' lang='lat' dir='ltr'><strong>ern‘tio</strong></span> <span class='ocrx_word' id='word_1_256' title='bbox 993 3400 1281 3480; x_wconf 89' lang='lat' dir='ltr'><strong>letumque</strong></span> <span class='ocrx_word' id='word_1_257' title='bbox 1306 3401 1551 3479; x_wconf 89' lang='lat' dir='ltr'><strong>parabat.</strong></span> 
     </span>
    </p>

    <p class='ocr_par' dir='ltr' id='par_1_7' title="bbox 453 3471 1942 3561">
     <span class='ocr_line' id='line_1_39' title="bbox 453 3471 1942 3561; baseline 0.007 -31"><span class='ocrx_word' id='word_1_258' title='bbox 453 3471 594 3532; x_wconf 90' lang='lat' dir='ltr'><strong>Illud</strong></span> <span class='ocrx_word' id='word_1_259' title='bbox 621 3479 672 3533; x_wconf 90' lang='lat' dir='ltr'><strong>in</strong></span> <span class='ocrx_word' id='word_1_260' title='bbox 695 3478 781 3537; x_wconf 86' lang='lat' dir='ltr'><strong>his</strong></span> <span class='ocrx_word' id='word_1_261' title='bbox 806 3483 976 3541; x_wconf 87' lang='lat' dir='ltr'><strong>rebus</strong></span> <span class='ocrx_word' id='word_1_262' title='bbox 1004 3485 1376 3544; x_wconf 86' lang='lat' dir='ltr'><strong>miserandum</strong></span> <span class='ocrx_word' id='word_1_263' title='bbox 1404 3500 1749 3561; x_wconf 81' lang='lat' dir='ltr'><strong>magnopere</strong></span> <span class='ocrx_word' id='word_1_264' title='bbox 1774 3500 1942 3542; x_wconf 86' lang='lat' dir='ltr'><strong>unum</strong></span> 
     </span>
    </p>
   </div>
  </div>
 </body>
</html>
