2409 3825
1129 271 1184 332 11

313 455 393 497 ex
413 437 648 496 ineunte
674 452 823 496 aevo
847 434 1004 495 nullo
1035 437 1337 498 coniuncta
1366 435 1582 496 colore.

314 523 496 581 omnis
523 522 673 580 enim
698 519 862 579 color
890 521 1115 579 omnino
1137 530 1383 581 mutatur
1403 522 1458 581 in
1489 521 1701 589 omnis3

173 613 286 667 '250
316 603 471 684 quod
493 604 692 664 facere
718 601 866 663 haud
893 602 1013 664 ullo
1038 604 1251 665 debent
1279 605 1582 684 primordia
1603 615 1792 684 pacta.

311 687 659 748 immutabile
684 689 833 746 enim
857 687 1118 767 quiddam
1143 707 1418 769 superare
1441 700 1784 766 necessest,

311 793 386 834 ne
411 791 509 833 res
533 772 603 832 ad
626 771 800 831 nilum
820 771 1148 849 redigantur
1168 773 1419 833 funditus
1449 792 1676 834 omnes:

312 876 439 917 nam
468 855 870 935 quodcumque
893 858 1012 917 suis
1042 867 1313 918 mutatum
1341 858 1544 918 finibus
1569 860 1720 936 exit,

314 943 584 1003 continuo
607 940 721 1000 hoc
744 959 896 1000 mors
927 951 1018 1001 est
1042 939 1193 1002 illius
1226 942 1379 1021 quod
1402 941 1505 1003 fuit
1527 952 1674 1001 ante.

177 1033 288 1088 755
315 1026 557 1105 proinde
584 1023 782 1085 colore
813 1044 953 1085 cave
984 1026 1283 1103 contingas
1306 1028 1521 1088 semina
1542 1045 1727 1086 rerum
1745 1072 1766 1105 ,

310 1130 385 1170 ne
407 1109 511 1170 tibi
532 1128 630 1170 res
659 1109 893 1170 redeant
916 1110 985 1170 ad
1008 1112 1181 1168 nilum
1207 1110 1457 1171 funditus
1481 1128 1697 1170 omnes.

393 1193 700 1253 Praeterea
723 1195 774 1253 si
795 1193 946 1253 nulla
976 1192 1189 1256 coloris
1214 1195 1509 1275 principiis
1535 1204 1625 1256 est

308 1278 532 1339 reddita
558 1287 754 1337 natura
774 1286 832 1338 et
852 1280 1022 1338 variis
1045 1288 1175 1339 sunt
1197 1279 1451 1358 praedita
1475 1279 1670 1339 formis
1689 1326 1708 1353 ,

310 1383 343 1423 e
370 1362 576 1441 quibus
601 1380 766 1422 omne
790 1381 973 1440 genus
1004 1364 1243 1441 gignunt
1263 1365 1592 1443 variantque
1619 1363 1852 1424 colores

174 1456 286 1512 760
313 1455 627 1528 propterea
643 1492 662 1524 ‚
688 1449 874 1525 magni
898 1447 1051 1526 quod
1073 1449 1254 1511 refert
1278 1450 1494 1510 semina
1518 1466 1778 1527 quaeque

311 1551 439 1593 cum
465 1531 672 1610 quibus
696 1539 755 1590 et
783 1531 933 1610 quali
959 1535 1215 1611 positura
1243 1535 1636 1593 contineantur

309 1626 367 1679 et
391 1634 538 1695 quos
563 1617 711 1676 inter
733 1634 799 1675 se
825 1616 958 1676 dent
982 1627 1170 1677 motus
1196 1619 1593 1695 accipiantque
1612 1662 1631 1693 ‚

304 1700 584 1783 perfacile
610 1700 903 1779 extemplo
931 1703 1207 1761 rationem
1228 1700 1473 1762 reddere
1499 1703 1689 1780 possis
1708 1747 1725 1776 ‚

310 1804 412 1846 cur
434 1803 504 1847 ea
527 1803 673 1864 quae
697 1786 862 1861 nigro
885 1785 1095 1845 fuerint
1120 1785 1291 1864 paulo
1315 1795 1445 1845 ante
1473 1785 1670 1846 colore
1689 1831 1706 1862 ‚

169 1879 285 1937 765
304 1879 621 1932 marmoreo
652 1871 775 1929 fieri
798 1872 1020 1949 possint
1047 1870 1293 1932 candore
1320 1880 1593 1951 repente:

307 1966 368 2016 ut
390 1974 547 2014 mare
567 2001 584 2032 ,
615 1973 744 2015 cum
765 1957 952 2033 magni
979 1965 1332 2016 commorunt
1359 1974 1609 2033 aequora
1632 1957 1824 2032 venti,

304 2042 548 2101 vertitur
569 2042 625 2099 in
651 2056 825 2100 canos
855 2039 1115 2100 candenti
1138 2058 1418 2101 marmore
1447 2040 1684 2100 fluctus:

302 2126 501 2185 dicere
526 2126 675 2184 enim
704 2125 895 2202 possis
916 2170 933 2201 ‚
959 2126 1181 2201 nigrum
1204 2124 1357 2203 quod
1382 2143 1560 2203 saepe
1586 2124 1842 2184 videmus
1863 2171 1884 2202 ‚

301 2211 573 2269 materies
598 2209 693 2268 ubi
716 2211 996 2287 permixta
1023 2219 1112 2269 est
1136 2208 1288 2269 illius
1312 2219 1370 2270 et
1395 2208 1536 2269 ordo

160 2302 278 2359 770
301 2294 598 2374 principiis
622 2301 864 2352 mutatus
892 2304 950 2353 et
974 2293 1160 2353 addita
1184 2294 1526 2373 demptaque
1551 2294 1825 2373 quaedam
1841 2339 1860 2371 ,

301 2381 572 2439 continuo
597 2376 654 2436 id
690 2379 810 2437 lieri
837 2388 895 2438 ut
923 2377 1170 2438 candens
1199 2378 1459 2439 videatur
1482 2389 1540 2439 et
1564 2378 1767 2452 album,

300 2463 456 2542 quod
487 2464 537 2524 si
562 2461 843 2522 caeruleis
869 2472 1197 2523 constarent
1222 2481 1473 2541 aequora
1495 2466 1653 2542 ponti

299 2547 610 2608 seminibus
627 2592 645 2624 ‚
679 2545 836 2605 nullo
863 2556 1105 2625 possent
1126 2545 1428 2612 albescere
1457 2556 1658 2625 pacto:

299 2650 426 2691 nam
451 2649 812 2711 quocumque
836 2630 1005 2689 modo
1037 2631 1343 2709 perturbes
1374 2630 1602 2691 caerula
1630 2648 1776 2709 quae
1807 2631 1955 2708 sint,

158 2724 270 2782 ‘175
294 2734 597 2795 numquam
616 2716 673 2775 in
694 2733 1065 2776 marmoreum
1088 2725 1328 2795 possunt
1352 2717 1595 2793 migrare
1619 2713 1890 2775 colorem.

299 2803 388 2863 sin
410 2799 522 2861 alio
546 2810 716 2878 atque
740 2800 851 2860 alio
882 2810 1011 2860 sunt
1038 2803 1255 2860 semina
1279 2801 1453 2861 tincta
1483 2798 1680 2860 colore
1698 2846 1716 2874 ,

298 2904 444 2966 quae
472 2886 640 2945 maris
665 2884 918 2945 efficiunt
943 2904 1114 2943 unum
1137 2902 1453 2965 purumque
1475 2885 1716 2944 nitorem
1733 2930 1750 2961 ‚

298 2980 360 3029 ut
381 2988 563 3049 saepe
590 2988 667 3029 ex
687 2968 812 3029 aliis
835 2969 1033 3029 formis
1064 2971 1352 3047 variisque
1375 2970 1572 3046 figuris

298 3055 548 3116 efficitur
571 3054 833 3133 quiddam
858 3054 1187 3132 quadratum
1211 3071 1433 3131 unaque
1462 3053 1640 3131 figura
1658 3099 1675 3129 ‚

160 3146 275 3204 780
300 3139 720 3215 conveniebat,
747 3148 806 3198 ut
828 3141 887 3197 in
911 3138 1182 3216 quadrato
1216 3140 1499 3198 cernimus
1531 3157 1665 3197 esse

114 3237 135 3244 ·
296 3224 604 3284 dissimiles
634 3223 844 3283 formas
861 3269 879 3299 ‚
913 3225 989 3282 ita
1015 3241 1255 3283 cernere
1277 3224 1334 3280 in
1356 3240 1608 3300 aequore
1636 3221 1794 3299 pont-i

296 3318 390 3368 aut
413 3306 527 3367 alio
551 3309 608 3367 in
638 3309 840 3388 quovis
863 3325 974 3366 uno
990 3325 1260 3386 puroque
1283 3308 1469 3367 nitore

297 3390 605 3453 dissimiles
628 3391 805 3469 longe
835 3393 981 3450 inter
1010 3411 1076 3450 se
1099 3390 1404 3467 variosque
1437 3389 1685 3449 colores.

295 3486 600 3557 praeterea
622 3476 700 3535 nil
726 3475 981 3535 officiunt
1008 3475 1350 3550 obstantque
1377 3474 1590 3549 figurae

161 3564 271 3625 ⁷85
293 3559 602 3622 dissimiles
621 3606 638 3638 ,
667 3578 781 3639 quo
813 3557 1140 3637 quadratum
1159 3558 1342 3616 minus
1368 3574 1532 3615 omne
1559 3555 1630 3612 sit
1656 3558 1845 3686 exktzra:

2083 268 2168 335 51
