2409 3825
300 135 348 191 ‘x
1067 141 1484 189 PRAEFATIO.

300 302 664 369 detractat-uc,
685 318 807 357 cum
830 306 980 357 tanta
1009 304 1304 357 recentium
1332 306 1624 373 poetarum
1650 307 1702 357 et
1726 306 2256 360 oratorum-insecto-
2365 313 2366 316 ’

300 388 468 456 tione,
502 392 562 440 ue
600 387 759 439 etiam
802 386 1085 441 Neronem
1111 387 1254 440 illius
1290 387 1549 456 temporis
1589 388 1905 457 principem
1948 388 2256 458 culpaverit,

297 484 367 524 eu
359 472 465 540 jus
489 483 682 523 versus
719 471 776 524 in
806 469 1082 523 Neronem
1117 486 1283 539 quum
1322 471 1399 523 ita
1438 483 1499 523 se
1526 468 1779 523 haberet.-
1813 472 2102 525 auriculas
2127 474 2262 526 asini

296 551 452 607 Mida
476 543 796 619 rex'habet,
825 553 882 605 in
911 566 1033 605 eum
1063 553 1279 606 modum
1307 569 1342 606 a
1379 551 1641 621 Cornuto,
1671 554 1792 623 ipso
1810 555 1943 623 jam
1972 561 2085 609 tum
2118 571 2259 610 mor·

296 642 386 691 tuo
426 633 538 710 (sic
579 632 887 691 Prellerus
930 632 972 689 l.
1023 653 1074 690 c.
1116 653 1177 710 p.
1224 632 1335 691 44:
1379 630 1552 690 codd.
1594 638 1712 706 ipso
1746 639 2159 708 tantummodo),
2189 642 2260 693 est
2365 633 2366 638 '

296 721 638 774 emendatus,-
675 720 958 773 auriculas
990 722 1136 772 asini
1169 721 1290 789 quis
1317 736 1427 774 non
1467 718 1664 773 habet?
1706 734 1778 773 ne
1803 720 1909 773 hoo
1938 721 2091 790 Nero
2122 724 2178 776 in
2206 736 2260 775 se

297 803 494 857 dictum
524 803 904 857 arbitraretur.
967 797 1330 878 Quanquam
1375 798 1451 857 de
1490 800 1624 878 ipsa
1650 800 1831 875 hujus
1871 799 2125 860 fabulae
2156 821 2257 859 au·
2364 859 2366 878 ἶ

299 884 574 942 ctoritate
605 884 657 941 si
691 903 769 942 ex
805 902 879 941 ea
908 882 1028 941 fide
1064 882 1526 941 existimandum
1562 891 1672 954 est,
1707 903 1865 963 quae
1895 884 1989 941 illi
2030 904 2115 942 ex
2147 886 2256 943 cri-

297 966 417 1026 tica
450 967 581 1042 ejus
610 966 731 1024 loci
764 985 943 1045 quem
985 974 1222 1043 spectat
1260 965 1599 1024 conditione
1630 966 1925 1025 accedere
1954 966 2255 1039 videatur,

295 1048 460 1108 haud
487 1049 761 1127 profecto
787 1069 1007 1125 magna
1037 1049 1260 1109 existet
1280 1069 1395 1107 nec
1417 1049 1666 1107 multum
1691 1049 1880 1122 abest,
1908 1051 2059 1129 quin
2085 1051 2255 1131 quid,-

297 1130 443 1212 quid
483 1133 545 1189 in
578 1132 670 1189 his
705 1131 785 1189 ad
816 1131 942 1190 Sat.
985 1133 1035 1190 I.
1075 1130 1187 1189 121.
1240 1134 1572 1209 pertineat,
1606 1153 1740 1190 cum
1770 1132 2159 1209 Breitingero
2204 1143 2260 1193 et

294 1218 368 1274 F.
415 1213 482 1273 O.
532 1216 606 1276 R.
655 1216 889 1273 Rittero
931 1224 1220 1294 tanquam
1264 1216 1437 1274 scioli
1480 1223 1877 1275 commentum
1942 1235 2022 1273 ex
2064 1237 2260 1295 prava

296 1300 459 1358 illius
500 1294 622 1357 loci
665 1300 1131 1377 interpolatione
1169 1299 1423 1376 petitum
1468 1298 1543 1357 ab
1587 1300 1874 1378 antiquae
1915 1300 2087 1358 vitae
2130 1320 2257 1359 cor·
2365 1343 2366 1352 κ

295 1403 442 1461 pore
475 1382 886 1440 abscindenda
927 1391 988 1441 et
1022 1381 1387 1440 eliminanda
1430 1399 1565 1440 esse
1612 1402 1920 1457 censeam3
1970 1382 2047 1439 cf.
2084 1383 2254 1442 Lect.
2363 1453 2367 1461 Δ

295 1466 466 1525 PerS.
501 1465 583 1538 II,
613 1486 673 1542 p.
710 1465 805 1524 11.
858 1464 1114 1525 Omnino
1143 1466 1297 1523 nihil
1323 1472 1427 1523 aut
1456 1484 1494 1523 a
1522 1464 1722 1524 Persii
1748 1484 2012 1544 persona
2042 1476 2152 1524 aut
2183 1466 2258 1524 ab

294 1550 482 1628 ipsius
525 1550 746 1607 satirae
790 1548 993 1609 indole
1030 1556 1091 1607 et
1137 1548 1430 1626 dignitate
1467 1549 1724 1607 alienius
1758 1548 2009 1625 cogitari
2036 1558 2257 1627 potest,

297 1652 478 1712 quam
507 1633 560 1691 si
594 1633 728 1711 quis
763 1632 925 1692 illius
968 1632 1246 1704 aculeOS,
1282 1631 1447 1712 quod
1481 1632 1623 1691 olim
1654 1633 1718 1690 in
1748 1640 1964 1711 quarta
1990 1634 2257 1691 maxime

296 1716 510 1789 satira,
561 1735 754 1793 nuper
786 1716 966 1776 etiam
988 1716 1051 1774 in
1097 1716 1234 1774 aliis
1268 1723 1623 1793 temptatum
1669 1725 1789 1787 est,
1838 1714 1915 1773 ab
1968 1716 2260 1774 universa

296 1801 458 1858 vitae
501 1800 799 1857 humanae
843 1799 1154 1858 notatione
1196 1798 1277 1857 ad
1308 1807 1473 1858 tecta
1499 1800 1676 1857 unius
1706 1798 1961 1857 hominis
1991 1797 2259 1857 ludibria
2365 1845 2366 1848 η

297 1882 684 1963 detorqueat3
718 1901 897 1962 quem
929 1883 1042 1942 etsi
1073 1881 1455 1963 concedimus
1485 1903 1607 1942 non
1643 1881 2021 1962 reipublicae
2060 1882 2258 1960 magis

296 1987 474 2047 quam
517 1966 893 2044 corruptelae
934 1967 1029 2025 sui
1076 1967 1307 2026 saeculi
1352 1968 1687 2045 principem
1716 1975 1778 2025 et
1816 1966 1987 2024 velut
2028 1967 2256 2025 antesi-

294 2070 558 2127 gnanum
583 2051 658 2109 ab
681 2051 860 2127 hujus
888 2051 1364 2131 reprehensione
1392 2052 1575 2109 eximi
1600 2070 1716 2109 nec
1736 2050 1934 2128 ipsum
1962 2050 2256 2128 potuisse,
2359 2050 2366 2059 ⁴

296 2134 504 2205 Persio
535 2143 737 2192 tamen
765 2154 1070 2214 nunquam
1101 2154 1236 2193 eam
1273 2128 1557 2211 injuriam
1586 2134 1907 2205 faciemuS,
1938 2142 2007 2192 ut
2048 2132 2256 2191 candi-

295 2216 602 2276 dissimum
629 2216 1077 2276 adolescentem
1098 2219 1381 2276 satiricae
1406 2218 1608 2295 poesis
1633 2218 1937 2294 gravitate
1968 2216 2065 2280 ad.
2077 2217 2257 2276 libel-

293 2300 384 2359 los
433 2300 693 2358 famosos
741 2300 993 2359 abusum
1040 2321 1175 2361 esse
1220 2302 1565 2381 Luciliique
1621 2310 1686 2381 et
1724 2301 1966 2359 Horatii
2008 2302 2260 2360 nomina

292 2392 729 2442 venenatorum
756 2385 1014 2443 telorum
1043 2385 1325 2445 officinae
1357 2385 1715 2464 praefixisse
1748 2383 2084 2443 credamus.

456 2468 670 2543 Longe
699 2487 845 2527 vero
876 2469 998 2526 alia
1033 2488 1218 2527 causa
1247 2477 1342 2528 est
1384 2489 1589 2528 eorum
1631 2486 1788 2547 quae
1831 2467 1911 2525 ad
1950 2467 2140 2527 totius
2183 2468 2257 2526 li·
2365 2514 2366 2521 ,

292 2549 438 2612 belli
479 2552 780 2610 fortunam
813 2562 873 2610 et
909 2553 1201 2629 originem
1233 2553 1601 2631 pertinentia
1633 2551 1818 2628 vulgo
1863 2549 2256 2623 antecedunt,

290 2655 405 2694 nec
448 2635 640 2693 solum
670 2634 822 2693 illud
854 2636 986 2715 ipso
1021 2637 1341 2695 satirarum
1367 2636 1577 2695 habitu
1609 2644 1669 2694 et
1704 2636 1992 2694 orationis
2021 2653 2257 2711 genere
2365 2680 2366 2683 η

292 2718 767 2778 commendatur:
799 2729 852 2776 et
889 2739 1025 2777 raro
1065 2729 1116 2777 et
1149 2724 1309 2777 tarde·
1339 2725 1594 2793 ’sempsit-
1632 2719 1742 2778 sed
1781 2719 1962 2778 etiam
1990 2736 2254 2796 sequen-

288 2803 373 2862 tia
410 2821 533 2859 non
575 2809 667 2860 est
709 2818 813 2860 cur
845 2803 909 2860 in
955 2803 1386 2863 dubitationem
1425 2822 1744 2876 vocemus:
1793 2805 1941 2861 hunc
1972 2806 2156 2874 ipsum
2189 2804 2254 2858 le·-
2354 2801 2367 2831 ²

286 2889 444 2944 hrum
482 2888 860 2959 imperfectum
902 2891 1144 2960 reliquit,
1174 2886 1351 2946 modo
1395 2886 1480 2945 ita
1508 2887 1663 2946 haec
1692 2884 2104 2961 intelligamus
2119 2928 2135 2956 ,
2167 2893 2253 2956 ut,

287 2970 339 3027 si
366 2969 603 3041 „diutius
647 2969 932 3042 vixisset,
978 2971 1160 3029 etiam
1202 2971 1409 3049 plures
1470 2990 1607 3029 eum
1649 2971 1866 3029 satiras
1912 2967 2258 3053 additurum

285 3052 476 3109 fuisse
508 3060 859 3124 statuamus,
895 3073 1018 3111 non
1047 3062 1113 3112 ut
1148 3055 1314 3133 ipsas
1349 3073 1507 3133 quae
1544 3051 2007 3115 exstant‘rudes
2055 3060 2118 3110 et
2145 3053 2253 3111 im-

282 3133 505 3205 politas
536 3133 772 3192 habitas
806 3154 943 3194 esse
979 3136 1409 3196 existimemus.
1435 3136 1511 3195 Id
1538 3139 1737 3216 ipsum
1766 3135 1921 3195 adeo
1953 3142 2047 3193 est
2086 3134 2253 3215 quod

284 3216 704 3281 grammaticus
734 3234 949 3283 versu-3,
965 3222 1166 3293 aliquot
1214 3223 1457 3294 demptos
1481 3238 1600 3278 esse
1640 3222 1727 3279 ait
1765 3223 1948 3277 ultimo
1994 3221 2134 3276 libro
2149 3264 2163 3289 ,
2196 3227 2253 3276 ui

285 3295 444 3356 quasi
466 3297 654 3361 finitus
675 3306 839 3369 esset,
867 3319 1065 3358 novae
1101 3301 1391 3362 videlicet
1425 3303 1650 3362 satirae
1675 3303 2055 3384 principium,
2088 3300 2253 3380 quod

284 3383 557 3438 premere
591 3373 909 3451 Cornutus,
941 3402 1121 3459 quam
1155 3385 1505 3443 inchoatum
1533 3394 1596 3444 et
1624 3387 1908 3445 affectum
1934 3384 2252 3463 publicare
2349 3425 2367 3439 .

307 3444 511 3503 naluit.
571 3453 691 3510 Hic
722 3461 909 3532 enim,
941 3471 1008 3521 ut
1039 3464 1331 3545 deinceps
1360 3468 1637 3545 legimuS,
1668 3477 1903 3529 mortuo
1929 3467 2148 3528 Persio
2177 3467 2251 3527 li-
