<?xml version="1.0" encoding="UTF-8"?>
<!DOCTYPE html PUBLIC "-//W3C//DTD XHTML 1.0 Transitional//EN"
    "http://www.w3.org/TR/xhtml1/DTD/xhtml1-transitional.dtd">
<html xmlns="http://www.w3.org/1999/xhtml" xml:lang="en" lang="en">
 <head>
  <title>
</title>
<meta http-equiv="Content-Type" content="text/html;charset=utf-8" />
  <meta name='ocr-system' content='tesseract 3.04.00' />
  <meta name='ocr-capabilities' content='ocr_page ocr_carea ocr_par ocr_line ocrx_word'/>
</head>
<body>
  <div class='ocr_page' id='page_1' title='image "./tlucreticarider01unkngoog_0300.png"; bbox 0 0 2409 3825; ppageno 0'>
   <div class='ocr_carea' id='block_1_1' title="bbox 380 185 1746 251">
    <p class='ocr_par' dir='ltr' id='par_1_1' title="bbox 380 185 1746 251">
     <span class='ocr_line' id='line_1_1' title="bbox 380 185 1746 251; baseline -0.007 0"><span class='ocrx_word' id='word_1_1' title='bbox 380 185 462 251; x_wconf 83' lang='lat'><strong>76</strong></span> <span class='ocrx_word' id='word_1_2' title='bbox 908 198 1139 247; x_wconf 73' lang='lat' dir='ltr'><strong>*xv111.</strong></span> <span class='ocrx_word' id='word_1_3' title='bbox 1218 195 1560 246; x_wconf 65' lang='lat' dir='ltr'><strong>numanus.</strong></span> <span class='ocrx_word' id='word_1_4' title='bbox 1607 193 1656 242; x_wconf 77' lang='lat'><strong>¹1.</strong></span> <span class='ocrx_word' id='word_1_5' title='bbox 1697 193 1746 243; x_wconf 76' lang='grc'><strong>8.</strong></span> 
     </span>
    </p>
   </div>
   <div class='ocr_carea' id='block_1_2' title="bbox 227 330 2369 3446">
    <p class='ocr_par' dir='ltr' id='par_1_2' title="bbox 380 330 2303 420">
     <span class='ocr_line' id='line_1_2' title="bbox 380 330 2303 420; baseline -0.001 -20"><span class='ocrx_word' id='word_1_6' title='bbox 380 338 576 420; x_wconf 86' lang='lat' dir='ltr'><strong>retur,</strong></span> <span class='ocrx_word' id='word_1_7' title='bbox 621 352 814 419; x_wconf 88' lang='lat' dir='ltr'><strong>quam</strong></span> <span class='ocrx_word' id='word_1_8' title='bbox 856 332 969 398; x_wconf 86' lang='lat' dir='ltr'><strong>alii</strong></span> <span class='ocrx_word' id='word_1_9' title='bbox 996 331 1439 416; x_wconf 82' lang='lat' dir='ltr'><strong>Macedonum,</strong></span> <span class='ocrx_word' id='word_1_10' title='bbox 1487 354 1756 417; x_wconf 91' lang='lat' dir='ltr'><strong>quorum</strong></span> <span class='ocrx_word' id='word_1_11' title='bbox 1801 330 1895 398; x_wconf 89' lang='lat' dir='ltr'><strong>ibi</strong></span> <span class='ocrx_word' id='word_1_12' title='bbox 1929 334 2071 397; x_wconf 87' lang='lat' dir='ltr'><strong>erat</strong></span> <span class='ocrx_word' id='word_1_13' title='bbox 2096 331 2303 398; x_wconf 79' lang='lat' dir='ltr'><strong>multi·</strong></span> 
     </span>
    </p>

    <p class='ocr_par' dir='ltr' id='par_1_3' title="bbox 320 416 2369 906">
     <span class='ocr_line' id='line_1_3' title="bbox 320 416 2305 503; baseline -0.001 -20"><span class='ocrx_word' id='word_1_14' title='bbox 320 432 353 483; x_wconf 77' lang='lat'>2</span> <span class='ocrx_word' id='word_1_15' title='bbox 382 419 539 484; x_wconf 90' lang='lat' dir='ltr'><strong>tudo</strong></span> <span class='ocrx_word' id='word_1_16' title='bbox 552 469 571 503; x_wconf 92' lang='lat'><strong>,</strong></span> <span class='ocrx_word' id='word_1_17' title='bbox 625 419 698 484; x_wconf 89' lang='lat' dir='ltr'><strong>in</strong></span> <span class='ocrx_word' id='word_1_18' title='bbox 748 418 1083 503; x_wconf 77' lang='lat' dir='ltr'><strong>principiis</strong></span> <span class='ocrx_word' id='word_1_19' title='bbox 1126 416 1475 481; x_wconf 79' lang='lat' dir='ltr'><strong>Alexandri</strong></span> <span class='ocrx_word' id='word_1_20' title='bbox 1516 418 1779 483; x_wconf 86' lang='lat' dir='ltr'><strong>nemine</strong></span> <span class='ocrx_word' id='word_1_21' title='bbox 1822 417 2305 482; x_wconf 86' lang='lat' dir='ltr'><strong>tabernaculum</strong></span> 
     </span>
     <span class='ocr_line' id='line_1_4' title="bbox 381 501 2307 587; baseline -0.002 -18"><span class='ocrx_word' id='word_1_22' title='bbox 381 504 610 569; x_wconf 81' lang='lat' dir='ltr'><strong>statuit</strong></span> <span class='ocrx_word' id='word_1_23' title='bbox 649 504 726 568; x_wconf 88' lang='lat' dir='ltr'><strong>in·</strong></span> <span class='ocrx_word' id='word_1_24' title='bbox 752 523 955 587; x_wconf 90' lang='lat' dir='ltr'><strong>eoque</strong></span> <span class='ocrx_word' id='word_1_25' title='bbox 984 502 1207 567; x_wconf 88' lang='lat' dir='ltr'><strong>sellam</strong></span> <span class='ocrx_word' id='word_1_26' title='bbox 1232 522 1491 566; x_wconf 79' lang='lat' dir='ltr'><strong>auream</strong></span> <span class='ocrx_word' id='word_1_27' title='bbox 1521 522 1666 566; x_wconf 90' lang='lat' dir='ltr'><strong>cum</strong></span> <span class='ocrx_word' id='word_1_28' title='bbox 1695 505 1945 584; x_wconf 85' lang='lat' dir='ltr'><strong>sceptro</strong></span> <span class='ocrx_word' id='word_1_29' title='bbox 1990 522 2065 566; x_wconf 89' lang='lat' dir='ltr'><strong>ac</strong></span> <span class='ocrx_word' id='word_1_30' title='bbox 2100 501 2307 566; x_wconf 76' lang='lat' dir='ltr'><strong>diade-</strong></span> 
     </span>
     <span class='ocr_line' id='line_1_5' title="bbox 379 584 2369 671; baseline -0.002 -18"><span class='ocrx_word' id='word_1_31' title='bbox 379 593 551 653; x_wconf 89' lang='lat' dir='ltr'><strong>mate</strong></span> <span class='ocrx_word' id='word_1_32' title='bbox 592 588 782 652; x_wconf 87' lang='lat' dir='ltr'><strong>iussit</strong></span> <span class='ocrx_word' id='word_1_33' title='bbox 821 587 979 671; x_wconf 89' lang='lat' dir='ltr'><strong>poni</strong></span> <span class='ocrx_word' id='word_1_34' title='bbox 1022 607 1227 668; x_wconf 89' lang='lat' dir='ltr'><strong>eoque</strong></span> <span class='ocrx_word' id='word_1_35' title='bbox 1271 606 1491 650; x_wconf 88' lang='lat' dir='ltr'><strong>omnes</strong></span> <span class='ocrx_word' id='word_1_36' title='bbox 1535 584 1768 649; x_wconf 79' lang='lat' dir='ltr'><strong>cotidie</strong></span> <span class='ocrx_word' id='word_1_37' title='bbox 1812 585 2158 649; x_wconf 86' lang='lat' dir='ltr'><strong>convenire</strong></span> <span class='ocrx_word' id='word_1_38' title='bbox 2233 590 2310 650; x_wconf 82' lang='lat' dir='ltr'><strong>ut</strong></span> <span class='ocrx_word' id='word_1_39' title='bbox 2368 618 2369 623; x_wconf 16' lang='grc' dir='ltr'><strong>κ</strong></span> 
     </span>
     <span class='ocr_line' id='line_1_6' title="bbox 379 669 2309 752; baseline -0.002 -15"><span class='ocrx_word' id='word_1_40' title='bbox 379 674 472 738; x_wconf 89' lang='lat' dir='ltr'><strong>ibi</strong></span> <span class='ocrx_word' id='word_1_41' title='bbox 516 673 594 736; x_wconf 89' lang='lat' dir='ltr'><strong>de</strong></span> <span class='ocrx_word' id='word_1_42' title='bbox 657 672 921 737; x_wconf 88' lang='lat' dir='ltr'><strong>summis</strong></span> <span class='ocrx_word' id='word_1_43' title='bbox 984 672 1174 734; x_wconf 85' lang='lat' dir='ltr'><strong>rebus</strong></span> <span class='ocrx_word' id='word_1_44' title='bbox 1237 669 1507 734; x_wconf 89' lang='lat' dir='ltr'><strong>consilia</strong></span> <span class='ocrx_word' id='word_1_45' title='bbox 1569 672 1977 752; x_wconf 81' lang='lat' dir='ltr'><strong>caperentur,</strong></span> <span class='ocrx_word' id='word_1_46' title='bbox 2044 691 2115 733; x_wconf 87' lang='lat' dir='ltr'><strong>cr</strong></span> <span class='ocrx_word' id='word_1_47' title='bbox 2193 691 2309 733; x_wconf 80' lang='lat' dir='ltr'><strong>ens</strong></span> 
     </span>
     <span class='ocr_line' id='line_1_7' title="bbox 379 753 2309 837; baseline -0.003 -15"><span class='ocrx_word' id='word_1_48' title='bbox 379 757 631 822; x_wconf 86' lang='lat' dir='ltr'><strong>minore</strong></span> <span class='ocrx_word' id='word_1_49' title='bbox 673 776 740 820; x_wconf 86' lang='lat' dir='ltr'><strong>se</strong></span> <span class='ocrx_word' id='word_1_50' title='bbox 782 754 1027 819; x_wconf 83' lang='lat' dir='ltr'><strong>invidia</strong></span> <span class='ocrx_word' id='word_1_51' title='bbox 1065 753 1208 818; x_wconf 85' lang='lat' dir='ltr'><strong>fore</strong></span> <span class='ocrx_word' id='word_1_52' title='bbox 1273 755 1327 818; x_wconf 94' lang='lat' dir='ltr'><strong>si</strong></span> <span class='ocrx_word' id='word_1_53' title='bbox 1370 753 1580 837; x_wconf 90' lang='lat' dir='ltr'><strong>specie</strong></span> <span class='ocrx_word' id='word_1_54' title='bbox 1616 753 1870 836; x_wconf 87' lang='lat' dir='ltr'><strong>imperii</strong></span> <span class='ocrx_word' id='word_1_55' title='bbox 1896 754 2309 837; x_wconf 77' lang='lat' dir='ltr'><strong>nominisque</strong></span> 
     </span>
     <span class='ocr_line' id='line_1_8' title="bbox 382 804 2307 906; baseline -0.002 0"><span class='ocrx_word' id='word_1_56' title='bbox 382 841 790 906; x_wconf 72' lang='lat' dir='ltr'><strong>simulatione</strong></span> <span class='ocrx_word' id='word_1_57' title='bbox 829 836 1182 903; x_wconf 72' lang='lat' dir='ltr'><strong>Alexandri</strong></span> <span class='ocrx_word' id='word_1_58' title='bbox 1209 804 1452 903; x_wconf 73' lang='lat' dir='ltr'><strong>bellum</strong></span> <span class='ocrx_word' id='word_1_59' title='bbox 1480 836 1802 901; x_wconf 84' lang='lat' dir='ltr'><strong>videretur</strong></span> <span class='ocrx_word' id='word_1_60' title='bbox 1839 836 2307 902; x_wconf 82' lang='lat' dir='ltr'><strong>administrare.</strong></span> 
     </span>
    </p>

    <p class='ocr_par' dir='ltr' id='par_1_4' title="bbox 322 920 2312 1260">
     <span class='ocr_line' id='line_1_9' title="bbox 322 920 2310 1008; baseline -0.001 -21"><span class='ocrx_word' id='word_1_61' title='bbox 322 938 355 987; x_wconf 85' lang='lat'><strong>3</strong></span> <span class='ocrx_word' id='word_1_62' title='bbox 387 924 559 1008; x_wconf 86' lang='lat' dir='ltr'><strong>quod</strong></span> <span class='ocrx_word' id='word_1_63' title='bbox 601 923 827 988; x_wconf 87' lang='lat' dir='ltr'><strong>effecit.</strong></span> <span class='ocrx_word' id='word_1_64' title='bbox 919 944 1073 987; x_wconf 87' lang='lat' dir='ltr'><strong>nam</strong></span> <span class='ocrx_word' id='word_1_65' title='bbox 1114 942 1264 1008; x_wconf 59' lang='lat' dir='ltr'><strong>cum</strong></span> <span class='ocrx_word' id='word_1_66' title='bbox 1302 942 1438 987; x_wconf 91' lang='lat' dir='ltr'><strong>non</strong></span> <span class='ocrx_word' id='word_1_67' title='bbox 1488 920 1569 985; x_wconf 88' lang='lat' dir='ltr'><strong>ad</strong></span> <span class='ocrx_word' id='word_1_68' title='bbox 1609 920 1916 985; x_wconf 87' lang='lat' dir='ltr'><strong>Eumenis</strong></span> <span class='ocrx_word' id='word_1_69' title='bbox 1968 921 2310 1007; x_wconf 82' lang='lat' dir='ltr'><strong>principia,</strong></span> 
     </span>
     <span class='ocr_line' id='line_1_10' title="bbox 382 1004 2312 1092; baseline -0.002 -20"><span class='ocrx_word' id='word_1_70' title='bbox 382 1008 494 1073; x_wconf 87' lang='lat' dir='ltr'><strong>sed</strong></span> <span class='ocrx_word' id='word_1_71' title='bbox 537 1007 618 1072; x_wconf 86' lang='lat' dir='ltr'><strong>ad</strong></span> <span class='ocrx_word' id='word_1_72' title='bbox 651 1007 838 1092; x_wconf 80' lang='lat' dir='ltr'><strong>regia</strong></span> <span class='ocrx_word' id='word_1_73' title='bbox 876 1006 1328 1072; x_wconf 80' lang='lat' dir='ltr'><strong>conveniretur</strong></span> <span class='ocrx_word' id='word_1_74' title='bbox 1368 1009 1560 1090; x_wconf 86' lang='lat' dir='ltr'><strong>atque</strong></span> <span class='ocrx_word' id='word_1_75' title='bbox 1602 1006 1695 1069; x_wconf 87' lang='lat' dir='ltr'><strong>ibi</strong></span> <span class='ocrx_word' id='word_1_76' title='bbox 1738 1004 1815 1069; x_wconf 89' lang='lat' dir='ltr'><strong>de</strong></span> <span class='ocrx_word' id='word_1_77' title='bbox 1852 1005 2043 1070; x_wconf 88' lang='lat' dir='ltr'><strong>rebus</strong></span> <span class='ocrx_word' id='word_1_78' title='bbox 2071 1004 2312 1070; x_wconf 87' lang='lat' dir='ltr'><strong>delibe-</strong></span> 
     </span>
     <span class='ocr_line' id='line_1_11' title="bbox 381 1090 2311 1175; baseline -0.001 -19"><span class='ocrx_word' id='word_1_79' title='bbox 381 1095 650 1174; x_wconf 83' lang='lat' dir='ltr'><strong>raretur,</strong></span> <span class='ocrx_word' id='word_1_80' title='bbox 696 1090 973 1175; x_wconf 90' lang='lat' dir='ltr'><strong>quodam</strong></span> <span class='ocrx_word' id='word_1_81' title='bbox 1014 1090 1208 1156; x_wconf 90' lang='lat' dir='ltr'><strong>modo</strong></span> <span class='ocrx_word' id='word_1_82' title='bbox 1250 1090 1510 1175; x_wconf 77' lang='lat' dir='ltr'><strong>latebat,</strong></span> <span class='ocrx_word' id='word_1_83' title='bbox 1554 1110 1701 1175; x_wconf 64' lang='lat' dir='ltr'><strong>OQ</strong></span> <span class='ocrx_word' id='word_1_84' title='bbox 1741 1092 1959 1154; x_wconf 82' lang='lat' dir='ltr'><strong>tamen</strong></span> <span class='ocrx_word' id='word_1_85' title='bbox 1999 1110 2117 1173; x_wconf 89' lang='lat' dir='ltr'><strong>per</strong></span> <span class='ocrx_word' id='word_1_86' title='bbox 2159 1111 2311 1155; x_wconf 87' lang='lat' dir='ltr'><strong>eum</strong></span> 
     </span>
     <span class='ocr_line' id='line_1_12' title="bbox 381 1175 2145 1260; baseline 0 -20"><span class='ocrx_word' id='word_1_87' title='bbox 381 1196 584 1240; x_wconf 87' lang='lat' dir='ltr'><strong>unum</strong></span> <span class='ocrx_word' id='word_1_88' title='bbox 627 1178 1001 1260; x_wconf 71' lang='lat' dir='ltr'><strong>gererentur</strong></span> <span class='ocrx_word' id='word_1_89' title='bbox 1043 1175 1279 1240; x_wconf 89' lang='lat' dir='ltr'><strong>omnia.</strong></span> <span class='ocrx_word' id='word_1_90' title='bbox 1337 1201 1345 1211; x_wconf 91' lang='lat'><strong>·</strong></span> <span class='ocrx_word' id='word_1_91' title='bbox 2132 1232 2145 1240; x_wconf 95' lang='lat'>.</span> 
     </span>
    </p>

    <p class='ocr_par' dir='ltr' id='par_1_5' title="bbox 310 1257 2311 1595">
     <span class='ocr_line' id='line_1_13' title="bbox 310 1257 2311 1343; baseline -0.002 -16"><span class='ocrx_word' id='word_1_92' title='bbox 310 1263 353 1327; x_wconf 88' lang='grc'>8</span> <span class='ocrx_word' id='word_1_93' title='bbox 550 1259 678 1324; x_wconf 89' lang='lat' dir='ltr'><strong>Hic</strong></span> <span class='ocrx_word' id='word_1_94' title='bbox 718 1260 791 1324; x_wconf 89' lang='lat' dir='ltr'><strong>in</strong></span> <span class='ocrx_word' id='word_1_95' title='bbox 832 1257 1194 1324; x_wconf 77' lang='lat' dir='ltr'><strong>Paraetacis</strong></span> <span class='ocrx_word' id='word_1_96' title='bbox 1241 1280 1387 1324; x_wconf 91' lang='lat' dir='ltr'><strong>cum</strong></span> <span class='ocrx_word' id='word_1_97' title='bbox 1427 1258 1763 1343; x_wconf 88' lang='lat' dir='ltr'><strong>Antigono</strong></span> <span class='ocrx_word' id='word_1_98' title='bbox 1807 1257 2125 1341; x_wconf 89' lang='lat' dir='ltr'><strong>conflixit,</strong></span> <span class='ocrx_word' id='word_1_99' title='bbox 2167 1279 2311 1322; x_wconf 89' lang='lat' dir='ltr'><strong>non</strong></span> 
     </span>
     <span class='ocr_line' id='line_1_14' title="bbox 382 1342 2311 1439; baseline -0.002 -30"><span class='ocrx_word' id='word_1_100' title='bbox 382 1345 517 1410; x_wconf 85' lang='lat' dir='ltr'><strong>acie</strong></span> <span class='ocrx_word' id='word_1_101' title='bbox 543 1345 877 1427; x_wconf 87' lang='lat' dir='ltr'><strong>instructa,</strong></span> <span class='ocrx_word' id='word_1_102' title='bbox 919 1343 1031 1407; x_wconf 90' lang='lat' dir='ltr'><strong>sed</strong></span> <span class='ocrx_word' id='word_1_103' title='bbox 1073 1343 1145 1407; x_wconf 90' lang='lat' dir='ltr'><strong>in</strong></span> <span class='ocrx_word' id='word_1_104' title='bbox 1171 1343 1422 1426; x_wconf 89' lang='lat' dir='ltr'><strong>itinere,</strong></span> <span class='ocrx_word' id='word_1_105' title='bbox 1467 1364 1738 1426; x_wconf 88' lang='lat' dir='ltr'><strong>eumque</strong></span> <span class='ocrx_word' id='word_1_106' title='bbox 1781 1342 1947 1406; x_wconf 90' lang='lat' dir='ltr'><strong>male</strong></span> <span class='ocrx_word' id='word_1_107' title='bbox 1975 1346 2311 1439; x_wconf 86' lang='lat' dir='ltr'><strong>acceptum</strong></span> 
     </span>
     <span class='ocr_line' id='line_1_15' title="bbox 381 1426 2311 1524; baseline -0.003 -30"><span class='ocrx_word' id='word_1_108' title='bbox 381 1431 454 1495; x_wconf 92' lang='lat' dir='ltr'><strong>in</strong></span> <span class='ocrx_word' id='word_1_109' title='bbox 482 1427 764 1493; x_wconf 83' lang='lat' dir='ltr'><strong>Mediam</strong></span> <span class='ocrx_word' id='word_1_110' title='bbox 805 1428 1157 1492; x_wconf 87' lang='lat' dir='ltr'><strong>hiematum</strong></span> <span class='ocrx_word' id='word_1_111' title='bbox 1201 1428 1417 1511; x_wconf 78' lang='lat' dir='ltr'><strong>coegit</strong></span> <span class='ocrx_word' id='word_1_112' title='bbox 1457 1426 1682 1491; x_wconf 87' lang='lat' dir='ltr'><strong>redire.</strong></span> <span class='ocrx_word' id='word_1_113' title='bbox 1755 1428 1891 1524; x_wconf 89' lang='lat' dir='ltr'><strong>ipse</strong></span> <span class='ocrx_word' id='word_1_114' title='bbox 1920 1429 1992 1489; x_wconf 90' lang='lat' dir='ltr'><strong>in</strong></span> <span class='ocrx_word' id='word_1_115' title='bbox 2031 1427 2311 1490; x_wconf 82' lang='lat' dir='ltr'><strong>fimtima</strong></span> 
     </span>
     <span class='ocr_line' id='line_1_16' title="bbox 383 1510 2311 1595; baseline -0.002 -17"><span class='ocrx_word' id='word_1_116' title='bbox 383 1534 452 1577; x_wconf 90' lang='lat' dir='ltr'><strong>re</strong></span> <span class='ocrx_word' id='word_1_117' title='bbox 504 1514 648 1578; x_wconf 82' lang='lat' dir='ltr'><strong>‘one</strong></span> <span class='ocrx_word' id='word_1_118' title='bbox 707 1512 986 1578; x_wconf 89' lang='lat' dir='ltr'><strong>Persidis</strong></span> <span class='ocrx_word' id='word_1_119' title='bbox 1048 1511 1401 1576; x_wconf 85' lang='lat' dir='ltr'><strong>hiematum</strong></span> <span class='ocrx_word' id='word_1_120' title='bbox 1461 1512 1676 1595; x_wconf 90' lang='lat' dir='ltr'><strong>copias</strong></span> <span class='ocrx_word' id='word_1_121' title='bbox 1739 1510 1982 1595; x_wconf 74' lang='lat' dir='ltr'><strong>divisit,</strong></span> <span class='ocrx_word' id='word_1_122' title='bbox 2034 1531 2174 1575; x_wconf 90' lang='lat' dir='ltr'><strong>non</strong></span> <span class='ocrx_word' id='word_1_123' title='bbox 2235 1516 2311 1574; x_wconf 87' lang='lat' dir='ltr'><strong>ut</strong></span> 
     </span>
    </p>

    <p class='ocr_par' dir='ltr' id='par_1_6' title="bbox 323 1578 2308 1680">
     <span class='ocr_line' id='line_1_17' title="bbox 323 1578 2308 1680; baseline -0.001 -19"><span class='ocrx_word' id='word_1_124' title='bbox 323 1613 356 1661; x_wconf 80' lang='lat'>2</span> <span class='ocrx_word' id='word_1_125' title='bbox 385 1617 468 1663; x_wconf 78' lang='lat' dir='ltr'><strong>vo</strong></span> <span class='ocrx_word' id='word_1_126' title='bbox 495 1598 595 1662; x_wconf 89' lang='lat' dir='ltr'><strong>uit</strong></span> <span class='ocrx_word' id='word_1_127' title='bbox 675 1595 786 1662; x_wconf 90' lang='lat' dir='ltr'><strong>sed</strong></span> <span class='ocrx_word' id='word_1_128' title='bbox 837 1601 913 1661; x_wconf 89' lang='lat' dir='ltr'><strong>ut</strong></span> <span class='ocrx_word' id='word_1_129' title='bbox 963 1595 1245 1660; x_wconf 88' lang='lat' dir='ltr'><strong>militum</strong></span> <span class='ocrx_word' id='word_1_130' title='bbox 1304 1596 1573 1680; x_wconf 91' lang='lat' dir='ltr'><strong>cogebat</strong></span> <span class='ocrx_word' id='word_1_131' title='bbox 1625 1578 1941 1660; x_wconf 74' lang='lat' dir='ltr'><strong>voluntas.</strong></span> <span class='ocrx_word' id='word_1_132' title='bbox 2027 1616 2308 1679; x_wconf 86' lang='lat' dir='ltr'><strong>namque</strong></span> 
     </span>
    </p>

    <p class='ocr_par' dir='ltr' id='par_1_7' title="bbox 227 1647 2369 2272">
     <span class='ocr_line' id='line_1_18' title="bbox 227 1647 2310 1767; baseline -0.002 -20"><span class='ocrx_word' id='word_1_133' title='bbox 227 1707 232 1711; x_wconf 92' lang='lat'>·</span> <span class='ocrx_word' id='word_1_134' title='bbox 291 1761 295 1764; x_wconf 9' lang='grc' dir='ltr'><em>Α</em></span> <span class='ocrx_word' id='word_1_135' title='bbox 380 1682 496 1748; x_wconf 88' lang='lat' dir='ltr'><strong>illa</strong></span> <span class='ocrx_word' id='word_1_136' title='bbox 547 1647 831 1766; x_wconf 61' lang='lat' dir='ltr'><strong>pbalanx</strong></span> <span class='ocrx_word' id='word_1_137' title='bbox 895 1680 1247 1744; x_wconf 82' lang='lat' dir='ltr'><strong>Alexandri</strong></span> <span class='ocrx_word' id='word_1_138' title='bbox 1311 1678 1565 1764; x_wconf 89' lang='lat' dir='ltr'><strong>Magni,</strong></span> <span class='ocrx_word' id='word_1_139' title='bbox 1623 1700 1788 1767; x_wconf 79' lang='lat' dir='ltr'><strong>quae</strong></span> <span class='ocrx_word' id='word_1_140' title='bbox 1849 1679 2073 1743; x_wconf 88' lang='lat' dir='ltr'><strong>Asiam</strong></span> <span class='ocrx_word' id='word_1_141' title='bbox 2125 1700 2310 1762; x_wconf 87' lang='lat' dir='ltr'><strong>pera-</strong></span> 
     </span>
     <span class='ocr_line' id='line_1_19' title="bbox 382 1762 2369 1852; baseline -0.002 -22"><span class='ocrx_word' id='word_1_142' title='bbox 382 1769 601 1852; x_wconf 87' lang='lat' dir='ltr'><strong>grarat</strong></span> <span class='ocrx_word' id='word_1_143' title='bbox 629 1765 1071 1850; x_wconf 83' lang='lat' dir='ltr'><strong>deviceratque</strong></span> <span class='ocrx_word' id='word_1_144' title='bbox 1099 1764 1346 1847; x_wconf 86' lang='lat' dir='ltr'><strong>Persas,</strong></span> <span class='ocrx_word' id='word_1_145' title='bbox 1381 1765 1737 1828; x_wconf 87' lang='lat' dir='ltr'><strong>inveterata</strong></span> <span class='ocrx_word' id='word_1_146' title='bbox 1765 1784 1910 1829; x_wconf 90' lang='lat' dir='ltr'><strong>cum</strong></span> <span class='ocrx_word' id='word_1_147' title='bbox 1975 1762 2141 1827; x_wconf 89' lang='lat' dir='ltr'><strong>loria</strong></span> <span class='ocrx_word' id='word_1_148' title='bbox 2167 1768 2307 1827; x_wconf 87' lang='lat' dir='ltr'><strong>tum</strong></span> <span class='ocrx_word' id='word_1_149' title='bbox 2368 1790 2369 1797; x_wconf 47' lang='lat'>¹</span> 
     </span>
     <span class='ocr_line' id='line_1_20' title="bbox 383 1846 2308 1934; baseline -0.002 -18"><span class='ocrx_word' id='word_1_150' title='bbox 383 1852 577 1916; x_wconf 88' lang='lat' dir='ltr'><strong>etiam</strong></span> <span class='ocrx_word' id='word_1_151' title='bbox 618 1849 895 1934; x_wconf 89' lang='lat' dir='ltr'><strong>licentia,</strong></span> <span class='ocrx_word' id='word_1_152' title='bbox 939 1870 1074 1914; x_wconf 89' lang='lat' dir='ltr'><strong>non</strong></span> <span class='ocrx_word' id='word_1_153' title='bbox 1115 1869 1339 1933; x_wconf 86' lang='lat' dir='ltr'><strong>parere</strong></span> <span class='ocrx_word' id='word_1_154' title='bbox 1382 1870 1450 1914; x_wconf 91' lang='lat' dir='ltr'><strong>se</strong></span> <span class='ocrx_word' id='word_1_155' title='bbox 1493 1846 1785 1932; x_wconf 88' lang='lat' dir='ltr'><strong>ducibus,</strong></span> <span class='ocrx_word' id='word_1_156' title='bbox 1839 1869 1909 1914; x_wconf 88' lang='lat' dir='ltr'><strong>se</strong></span> <span class='ocrx_word' id='word_1_157' title='bbox 1946 1927 1955 1932; x_wconf 17' lang='lat' dir='ltr'>x</span> <span class='ocrx_word' id='word_1_158' title='bbox 1992 1848 2308 1932; x_wconf 86' lang='lat' dir='ltr'><strong>imperare</strong></span> 
     </span>
     <span class='ocr_line' id='line_1_21' title="bbox 383 1932 2309 2019; baseline -0.002 -20"><span class='ocrx_word' id='word_1_159' title='bbox 383 1934 780 2019; x_wconf 85' lang='lat' dir='ltr'><strong>postulabat,</strong></span> <span class='ocrx_word' id='word_1_160' title='bbox 824 1938 901 1998; x_wconf 91' lang='lat' dir='ltr'><strong>ut</strong></span> <span class='ocrx_word' id='word_1_161' title='bbox 938 1954 1114 1998; x_wconf 90' lang='lat' dir='ltr'><strong>nunc</strong></span> <span class='ocrx_word' id='word_1_162' title='bbox 1155 1933 1446 1998; x_wconf 83' lang='lat' dir='ltr'><strong>veterani</strong></span> <span class='ocrx_word' id='word_1_163' title='bbox 1489 1933 1738 1997; x_wconf 86' lang='lat' dir='ltr'><strong>faciunt</strong></span> <span class='ocrx_word' id='word_1_164' title='bbox 1776 1932 2004 1997; x_wconf 87' lang='lat' dir='ltr'><strong>nostri.</strong></span> <span class='ocrx_word' id='word_1_165' title='bbox 2090 1935 2309 2017; x_wconf 85' lang='lat' dir='ltr'><strong>itaque</strong></span> 
     </span>
     <span class='ocr_line' id='line_1_22' title="bbox 382 2016 2310 2103; baseline -0.002 -20"><span class='ocrx_word' id='word_1_166' title='bbox 382 2018 739 2103; x_wconf 89' lang='lat' dir='ltr'><strong>periculum</strong></span> <span class='ocrx_word' id='word_1_167' title='bbox 782 2022 880 2083; x_wconf 89' lang='lat' dir='ltr'><strong>est</strong></span> <span class='ocrx_word' id='word_1_168' title='bbox 919 2039 1004 2083; x_wconf 92' lang='lat' dir='ltr'><strong>ne</strong></span> <span class='ocrx_word' id='word_1_169' title='bbox 1045 2018 1307 2101; x_wconf 86' lang='lat' dir='ltr'><strong>faciant,</strong></span> <span class='ocrx_word' id='word_1_170' title='bbox 1350 2017 1524 2101; x_wconf 89' lang='lat' dir='ltr'><strong>quod</strong></span> <span class='ocrx_word' id='word_1_171' title='bbox 1565 2017 1662 2082; x_wconf 91' lang='lat' dir='ltr'><strong>illi</strong></span> <span class='ocrx_word' id='word_1_172' title='bbox 1702 2016 2011 2100; x_wconf 87' lang='lat' dir='ltr'><strong>fecerunt,</strong></span> <span class='ocrx_word' id='word_1_173' title='bbox 2056 2039 2176 2081; x_wconf 89' lang='lat' dir='ltr'><strong>sua</strong></span> <span class='ocrx_word' id='word_1_174' title='bbox 2215 2018 2310 2080; x_wconf 90' lang='lat' dir='ltr'><strong>in-</strong></span> 
     </span>
     <span class='ocr_line' id='line_1_23' title="bbox 382 2100 2310 2187; baseline -0.001 -19"><span class='ocrx_word' id='word_1_175' title='bbox 382 2103 810 2187; x_wconf 77' lang='lat' dir='ltr'><strong>temperantia</strong></span> <span class='ocrx_word' id='word_1_176' title='bbox 848 2102 1175 2186; x_wconf 84' lang='lat' dir='ltr'><strong>nimiaque</strong></span> <span class='ocrx_word' id='word_1_177' title='bbox 1219 2102 1480 2167; x_wconf 86' lang='lat' dir='ltr'><strong>licentia</strong></span> <span class='ocrx_word' id='word_1_178' title='bbox 1520 2104 1594 2166; x_wconf 89' lang='lat' dir='ltr'><strong>ut</strong></span> <span class='ocrx_word' id='word_1_179' title='bbox 1637 2103 1854 2166; x_wconf 90' lang='lat' dir='ltr'><strong>omnia</strong></span> <span class='ocrx_word' id='word_1_180' title='bbox 1892 2100 2171 2186; x_wconf 85' lang='lat' dir='ltr'><strong>perdant</strong></span> <span class='ocrx_word' id='word_1_181' title='bbox 2202 2123 2310 2166; x_wconf 89' lang='lat' dir='ltr'><strong>ne-</strong></span> 
     </span>
     <span class='ocr_line' id='line_1_24' title="bbox 385 2186 2310 2272; baseline -0.001 -20"><span class='ocrx_word' id='word_1_182' title='bbox 385 2208 510 2272; x_wconf 90' lang='lat' dir='ltr'><strong>que</strong></span> <span class='ocrx_word' id='word_1_183' title='bbox 551 2188 763 2251; x_wconf 91' lang='lat' dir='ltr'><strong>minus</strong></span> <span class='ocrx_word' id='word_1_184' title='bbox 806 2207 934 2269; x_wconf 90' lang='lat' dir='ltr'><strong>eos,</strong></span> <span class='ocrx_word' id='word_1_185' title='bbox 978 2207 1125 2250; x_wconf 90' lang='lat' dir='ltr'><strong>cum</strong></span> <span class='ocrx_word' id='word_1_186' title='bbox 1154 2187 1387 2270; x_wconf 88' lang='lat' dir='ltr'><strong>quibus</strong></span> <span class='ocrx_word' id='word_1_187' title='bbox 1417 2186 1728 2269; x_wconf 85' lang='lat' dir='ltr'><strong>steterint,</strong></span> <span class='ocrx_word' id='word_1_188' title='bbox 1773 2199 1966 2269; x_wconf 83' lang='lat' dir='ltr'><strong>quam</strong></span> <span class='ocrx_word' id='word_1_189' title='bbox 2007 2186 2310 2250; x_wconf 84' lang='lat' dir='ltr'><strong>adversus</strong></span> 
     </span>
    </p>

    <p class='ocr_par' dir='ltr' id='par_1_8' title="bbox 327 2270 2312 2607">
     <span class='ocr_line' id='line_1_25' title="bbox 327 2270 2312 2356; baseline -0.001 -22"><span class='ocrx_word' id='word_1_190' title='bbox 327 2284 358 2333; x_wconf 78' lang='grc'><strong>3</strong></span> <span class='ocrx_word' id='word_1_191' title='bbox 432 2291 552 2334; x_wconf 90' lang='lat' dir='ltr'><strong>uos</strong></span> <span class='ocrx_word' id='word_1_192' title='bbox 578 2270 867 2334; x_wconf 79' lang='lat' dir='ltr'><strong>fecerint.</strong></span> <span class='ocrx_word' id='word_1_193' title='bbox 941 2270 1168 2353; x_wconf 86' lang='lat' dir='ltr'><strong>quodsi</strong></span> <span class='ocrx_word' id='word_1_194' title='bbox 1199 2271 1342 2355; x_wconf 90' lang='lat' dir='ltr'><strong>quis</strong></span> <span class='ocrx_word' id='word_1_195' title='bbox 1370 2270 1631 2335; x_wconf 85' lang='lat' dir='ltr'><strong>illorum</strong></span> <span class='ocrx_word' id='word_1_196' title='bbox 1658 2275 2107 2335; x_wconf 83' lang='lat' dir='ltr'><strong>veteranorum</strong></span> <span class='ocrx_word' id='word_1_197' title='bbox 2131 2270 2312 2356; x_wconf 87' lang='lat' dir='ltr'><strong>legat</strong></span> 
     </span>
     <span class='ocr_line' id='line_1_26' title="bbox 415 2354 2309 2453; baseline 0.001 -36"><span class='ocrx_word' id='word_1_198' title='bbox 415 2355 575 2437; x_wconf 72' lang='lat' dir='ltr'><strong>acta,</strong></span> <span class='ocrx_word' id='word_1_199' title='bbox 617 2354 799 2438; x_wconf 87' lang='lat' dir='ltr'><strong>paria</strong></span> <span class='ocrx_word' id='word_1_200' title='bbox 840 2354 1072 2418; x_wconf 88' lang='lat' dir='ltr'><strong>horum</strong></span> <span class='ocrx_word' id='word_1_201' title='bbox 1115 2358 1466 2453; x_wconf 87' lang='lat' dir='ltr'><strong>cognoscat</strong></span> <span class='ocrx_word' id='word_1_202' title='bbox 1504 2375 1712 2440; x_wconf 89' lang='lat' dir='ltr'><strong>neque</strong></span> <span class='ocrx_word' id='word_1_203' title='bbox 1755 2376 1891 2419; x_wconf 87' lang='lat' dir='ltr'><strong>rem</strong></span> <span class='ocrx_word' id='word_1_204' title='bbox 1939 2355 2140 2419; x_wconf 88' lang='lat' dir='ltr'><strong>ullam</strong></span> <span class='ocrx_word' id='word_1_205' title='bbox 2184 2355 2309 2419; x_wconf 88' lang='lat' dir='ltr'><strong>nisi</strong></span> 
     </span>
     <span class='ocr_line' id='line_1_27' title="bbox 381 2438 2306 2521; baseline 0.001 -18"><span class='ocrx_word' id='word_1_206' title='bbox 381 2443 636 2521; x_wconf 88' lang='lat' dir='ltr'><strong>tempus</strong></span> <span class='ocrx_word' id='word_1_207' title='bbox 713 2438 1021 2503; x_wconf 86' lang='lat' dir='ltr'><strong>interesse</strong></span> <span class='ocrx_word' id='word_1_208' title='bbox 1094 2438 1350 2504; x_wconf 73' lang='lat' dir='ltr'><strong>iudicet.</strong></span> <span class='ocrx_word' id='word_1_209' title='bbox 1459 2438 1571 2503; x_wconf 91' lang='lat' dir='ltr'><strong>sed</strong></span> <span class='ocrx_word' id='word_1_210' title='bbox 1631 2438 1713 2503; x_wconf 86' lang='lat' dir='ltr'><strong>ad</strong></span> <span class='ocrx_word' id='word_1_211' title='bbox 1787 2440 1935 2504; x_wconf 89' lang='lat' dir='ltr'><strong>illos</strong></span> <span class='ocrx_word' id='word_1_212' title='bbox 2002 2444 2306 2504; x_wconf 82' lang='lat' dir='ltr'><strong>revertar.</strong></span> 
     </span>
     <span class='ocr_line' id='line_1_28' title="bbox 384 2521 2308 2607; baseline 0.001 -20"><span class='ocrx_word' id='word_1_213' title='bbox 384 2523 658 2587; x_wconf 86' lang='lat' dir='ltr'><strong>hiberna</strong></span> <span class='ocrx_word' id='word_1_214' title='bbox 698 2526 1105 2607; x_wconf 89' lang='lat' dir='ltr'><strong>sumpserant</strong></span> <span class='ocrx_word' id='word_1_215' title='bbox 1143 2543 1281 2588; x_wconf 90' lang='lat' dir='ltr'><strong>non</strong></span> <span class='ocrx_word' id='word_1_216' title='bbox 1310 2523 1391 2588; x_wconf 85' lang='lat' dir='ltr'><strong>ad</strong></span> <span class='ocrx_word' id='word_1_217' title='bbox 1418 2544 1606 2587; x_wconf 90' lang='lat' dir='ltr'><strong>usum</strong></span> <span class='ocrx_word' id='word_1_218' title='bbox 1647 2521 1820 2607; x_wconf 89' lang='lat' dir='ltr'><strong>belli,</strong></span> <span class='ocrx_word' id='word_1_219' title='bbox 1863 2523 1976 2588; x_wconf 88' lang='lat' dir='ltr'><strong>sed</strong></span> <span class='ocrx_word' id='word_1_220' title='bbox 2017 2523 2101 2587; x_wconf 87' lang='lat' dir='ltr'><strong>ad</strong></span> <span class='ocrx_word' id='word_1_221' title='bbox 2140 2524 2166 2587; x_wconf 93' lang='lat' dir='ltr'><strong>i</strong></span> <span class='ocrx_word' id='word_1_222' title='bbox 2213 2544 2308 2588; x_wconf 87' lang='lat' dir='ltr'><strong>so·</strong></span> 
     </span>
    </p>

    <p class='ocr_par' dir='ltr' id='par_1_9' title="bbox 313 2607 2310 3030">
     <span class='ocr_line' id='line_1_29' title="bbox 313 2607 2309 2693; baseline -0.001 -19"><span class='ocrx_word' id='word_1_223' title='bbox 313 2620 360 2674; x_wconf 75' lang='lat'><strong>,4</strong></span> <span class='ocrx_word' id='word_1_224' title='bbox 387 2629 532 2672; x_wconf 90' lang='lat' dir='ltr'><strong>rum</strong></span> <span class='ocrx_word' id='word_1_225' title='bbox 571 2607 923 2693; x_wconf 83' lang='lat' dir='ltr'><strong>luxuriam,</strong></span> <span class='ocrx_word' id='word_1_226' title='bbox 976 2607 1298 2692; x_wconf 88' lang='lat' dir='ltr'><strong>longeque</strong></span> <span class='ocrx_word' id='word_1_227' title='bbox 1339 2608 1511 2673; x_wconf 88' lang='lat' dir='ltr'><strong>inter</strong></span> <span class='ocrx_word' id='word_1_228' title='bbox 1552 2625 1619 2671; x_wconf 83' lang='lat' dir='ltr'><strong>se</strong></span> <span class='ocrx_word' id='word_1_229' title='bbox 1664 2608 2098 2672; x_wconf 86' lang='lat' dir='ltr'><strong>discesserant.</strong></span> <span class='ocrx_word' id='word_1_230' title='bbox 2167 2626 2180 2650; x_wconf 69' lang='lat'><strong><em>³</em></strong></span> <span class='ocrx_word' id='word_1_231' title='bbox 2236 2628 2309 2672; x_wconf 89' lang='lat' dir='ltr'><strong>oc</strong></span> 
     </span>
     <span class='ocr_line' id='line_1_30' title="bbox 385 2691 2310 2789; baseline -0.001 -33"><span class='ocrx_word' id='word_1_232' title='bbox 385 2692 760 2777; x_wconf 83' lang='lat' dir='ltr'><strong>Antigonus</strong></span> <span class='ocrx_word' id='word_1_233' title='bbox 804 2714 951 2756; x_wconf 88' lang='lat' dir='ltr'><strong>cum</strong></span> <span class='ocrx_word' id='word_1_234' title='bbox 979 2692 1395 2775; x_wconf 90' lang='lat' dir='ltr'><strong>comperisset</strong></span> <span class='ocrx_word' id='word_1_235' title='bbox 1424 2691 1950 2777; x_wconf 87' lang='lat' dir='ltr'><strong>intellegeretque</strong></span> <span class='ocrx_word' id='word_1_236' title='bbox 1993 2713 2061 2756; x_wconf 91' lang='lat' dir='ltr'><strong>se</strong></span> <span class='ocrx_word' id='word_1_237' title='bbox 2088 2713 2310 2789; x_wconf 86' lang='lat' dir='ltr'><strong>parem</strong></span> 
     </span>
     <span class='ocr_line' id='line_1_31' title="bbox 382 2759 2310 2861; baseline -0.001 -21"><span class='ocrx_word' id='word_1_238' title='bbox 382 2798 520 2841; x_wconf 89' lang='lat' dir='ltr'><strong>non</strong></span> <span class='ocrx_word' id='word_1_239' title='bbox 551 2798 685 2841; x_wconf 87' lang='lat' dir='ltr'><strong>esse</strong></span> <span class='ocrx_word' id='word_1_240' title='bbox 728 2759 969 2861; x_wconf 42' lang='lat' dir='ltr'><strong>paratis</strong></span> <span class='ocrx_word' id='word_1_241' title='bbox 1011 2776 1408 2859; x_wconf 86' lang='lat' dir='ltr'><strong>adversariis,</strong></span> <span class='ocrx_word' id='word_1_242' title='bbox 1453 2776 1679 2840; x_wconf 90' lang='lat' dir='ltr'><strong>statuit</strong></span> <span class='ocrx_word' id='word_1_243' title='bbox 1711 2776 1952 2861; x_wconf 86' lang='lat' dir='ltr'><strong>aliquid</strong></span> <span class='ocrx_word' id='word_1_244' title='bbox 1994 2776 2120 2840; x_wconf 84' lang='lat' dir='ltr'><strong>sib1</strong></span> <span class='ocrx_word' id='word_1_245' title='bbox 2163 2798 2310 2841; x_wconf 87' lang='lat' dir='ltr'><strong>con-</strong></span> 
     </span>
     <span class='ocr_line' id='line_1_32' title="bbox 386 2859 2309 2957; baseline -0.001 -33"><span class='ocrx_word' id='word_1_246' title='bbox 386 2860 517 2924; x_wconf 89' lang='lat' dir='ltr'><strong>silii</strong></span> <span class='ocrx_word' id='word_1_247' title='bbox 557 2862 715 2925; x_wconf 82' lang='lat' dir='ltr'><strong>novi</strong></span> <span class='ocrx_word' id='word_1_248' title='bbox 758 2882 896 2925; x_wconf 88' lang='lat' dir='ltr'><strong>esse</strong></span> <span class='ocrx_word' id='word_1_249' title='bbox 939 2860 1339 2957; x_wconf 87' lang='lat' dir='ltr'><strong>capiendum.</strong></span> <span class='ocrx_word' id='word_1_250' title='bbox 1427 2859 1587 2925; x_wconf 89' lang='lat' dir='ltr'><strong>duae</strong></span> <span class='ocrx_word' id='word_1_251' title='bbox 1632 2863 1817 2925; x_wconf 87' lang='lat' dir='ltr'><strong>erant</strong></span> <span class='ocrx_word' id='word_1_252' title='bbox 1856 2860 2017 2943; x_wconf 83' lang='lat' dir='ltr'><strong>viae,</strong></span> <span class='ocrx_word' id='word_1_253' title='bbox 2105 2882 2195 2925; x_wconf 87' lang='lat' dir='ltr'><strong>ua</strong></span> <span class='ocrx_word' id='word_1_254' title='bbox 2236 2882 2309 2925; x_wconf 90' lang='lat' dir='ltr'><strong>ex</strong></span> 
     </span>
     <span class='ocr_line' id='line_1_33' title="bbox 386 2942 2310 3030; baseline 0.001 -22"><span class='ocrx_word' id='word_1_255' title='bbox 386 2943 612 3028; x_wconf 92' lang='lat' dir='ltr'><strong>Medis,</strong></span> <span class='ocrx_word' id='word_1_256' title='bbox 661 2945 775 3009; x_wconf 90' lang='lat' dir='ltr'><strong>ubi</strong></span> <span class='ocrx_word' id='word_1_257' title='bbox 817 2944 928 3007; x_wconf 89' lang='lat' dir='ltr'><strong>ille</strong></span> <span class='ocrx_word' id='word_1_258' title='bbox 943 3025 952 3030; x_wconf 34' lang='lat'><strong>·</strong></span> <span class='ocrx_word' id='word_1_259' title='bbox 970 2943 1315 3027; x_wconf 78' lang='lat' dir='ltr'><strong>hiemabat,</strong></span> <span class='ocrx_word' id='word_1_260' title='bbox 1359 2942 1440 3007; x_wconf 88' lang='lat' dir='ltr'><strong>ad</strong></span> <span class='ocrx_word' id='word_1_261' title='bbox 1468 2944 1974 3009; x_wconf 79' lang='lat' dir='ltr'><strong>adversariorum</strong></span> <span class='ocrx_word' id='word_1_262' title='bbox 2015 2944 2084 3007; x_wconf 88' lang='lat' dir='ltr'><strong>hi</strong></span> <span class='ocrx_word' id='word_1_263' title='bbox 2170 2966 2310 3009; x_wconf 83' lang='lat' dir='ltr'><strong>rna-</strong></span> 
     </span>
    </p>

    <p class='ocr_par' dir='ltr' id='par_1_10' title="bbox 324 3027 2369 3446">
     <span class='ocr_line' id='line_1_34' title="bbox 324 3027 2309 3112; baseline 0.002 -23"><span class='ocrx_word' id='word_1_264' title='bbox 324 3040 358 3089; x_wconf 75' lang='lat'><strong>5</strong></span> <span class='ocrx_word' id='word_1_265' title='bbox 387 3028 533 3094; x_wconf 89' lang='lat' dir='ltr'><strong>cula</strong></span> <span class='ocrx_word' id='word_1_266' title='bbox 572 3032 793 3112; x_wconf 90' lang='lat' dir='ltr'><strong>posset</strong></span> <span class='ocrx_word' id='word_1_267' title='bbox 832 3028 1172 3111; x_wconf 48' lang='lat' dir='ltr'><strong>pertenui.</strong></span> <span class='ocrx_word' id='word_1_268' title='bbox 1301 3050 1529 3092; x_wconf 86' lang='lat' dir='ltr'><strong>uarum</strong></span> <span class='ocrx_word' id='word_1_269' title='bbox 1570 3028 1828 3093; x_wconf 85' lang='lat' dir='ltr'><strong>brevior</strong></span> <span class='ocrx_word' id='word_1_270' title='bbox 1866 3049 1983 3112; x_wconf 88' lang='lat' dir='ltr'><strong>per</strong></span> <span class='ocrx_word' id='word_1_271' title='bbox 2023 3028 2170 3093; x_wconf 88' lang='lat' dir='ltr'><strong>loca</strong></span> <span class='ocrx_word' id='word_1_272' title='bbox 2210 3027 2309 3092; x_wconf 90' lang='lat' dir='ltr'><strong>de·</strong></span> 
     </span>
     <span class='ocr_line' id='line_1_35' title="bbox 384 3111 2305 3196; baseline 0.001 -20"><span class='ocrx_word' id='word_1_273' title='bbox 384 3116 574 3195; x_wconf 79' lang='lat' dir='ltr'><strong>serta,</strong></span> <span class='ocrx_word' id='word_1_274' title='bbox 618 3133 783 3196; x_wconf 88' lang='lat' dir='ltr'><strong>quae</strong></span> <span class='ocrx_word' id='word_1_275' title='bbox 834 3132 1027 3177; x_wconf 90' lang='lat' dir='ltr'><strong>nemo</strong></span> <span class='ocrx_word' id='word_1_276' title='bbox 1071 3111 1282 3176; x_wconf 91' lang='lat' dir='ltr'><strong>incole</strong></span> <span class='ocrx_word' id='word_1_277' title='bbox 1330 3116 1399 3177; x_wconf 90' lang='lat' dir='ltr'><strong>at</strong></span> <span class='ocrx_word' id='word_1_278' title='bbox 1438 3117 1702 3196; x_wconf 89' lang='lat' dir='ltr'><strong>propter</strong></span> <span class='ocrx_word' id='word_1_279' title='bbox 1754 3134 1956 3196; x_wconf 89' lang='lat' dir='ltr'><strong>aquae</strong></span> <span class='ocrx_word' id='word_1_280' title='bbox 2003 3112 2305 3196; x_wconf 86' lang='lat' dir='ltr'><strong>inopiam,</strong></span> 
     </span>
     <span class='ocr_line' id='line_1_36' title="bbox 384 3194 2369 3280; baseline 0.004 -26"><span class='ocrx_word' id='word_1_281' title='bbox 384 3198 669 3258; x_wconf 89' lang='lat' dir='ltr'><strong>ceterum</strong></span> <span class='ocrx_word' id='word_1_282' title='bbox 721 3194 969 3257; x_wconf 83' lang='lat' dir='ltr'><strong>dierum</strong></span> <span class='ocrx_word' id='word_1_283' title='bbox 1022 3199 1162 3259; x_wconf 86' lang='lat' dir='ltr'><strong>erat</strong></span> <span class='ocrx_word' id='word_1_284' title='bbox 1213 3194 1349 3259; x_wconf 86' lang='lat' dir='ltr'><strong>fere</strong></span> <span class='ocrx_word' id='word_1_285' title='bbox 1405 3195 1654 3259; x_wconf 83' lang='lat' dir='ltr'><strong>decem:</strong></span> <span class='ocrx_word' id='word_1_286' title='bbox 1714 3196 1829 3261; x_wconf 89' lang='lat' dir='ltr'><strong>illa</strong></span> <span class='ocrx_word' id='word_1_287' title='bbox 1884 3198 2098 3260; x_wconf 88' lang='lat' dir='ltr'><strong>autem</strong></span> <span class='ocrx_word' id='word_1_288' title='bbox 2109 3246 2130 3280; x_wconf 90' lang='lat'>‚</span> <span class='ocrx_word' id='word_1_289' title='bbox 2229 3218 2308 3261; x_wconf 86' lang='lat' dir='ltr'><strong>ua</strong></span> <span class='ocrx_word' id='word_1_290' title='bbox 2368 3203 2369 3210; x_wconf 76' lang='grc'>’</span> 
     </span>
     <span class='ocr_line' id='line_1_37' title="bbox 388 3219 2308 3364; baseline 0.005 -30"><span class='ocrx_word' id='word_1_291' title='bbox 388 3292 609 3337; x_wconf 88' lang='lat' dir='ltr'><strong>omnes</strong></span> <span class='ocrx_word' id='word_1_292' title='bbox 649 3278 1114 3358; x_wconf 78' lang='lat' dir='ltr'><strong>commeabant,</strong></span> <span class='ocrx_word' id='word_1_293' title='bbox 1159 3278 1362 3343; x_wconf 87' lang='lat' dir='ltr'><strong>altero</strong></span> <span class='ocrx_word' id='word_1_294' title='bbox 1405 3282 1590 3342; x_wconf 85' lang='lat' dir='ltr'><strong>tanto</strong></span> <span class='ocrx_word' id='word_1_295' title='bbox 1633 3279 1994 3364; x_wconf 88' lang='lat' dir='ltr'><strong>longiorem</strong></span> <span class='ocrx_word' id='word_1_296' title='bbox 2032 3219 2308 3344; x_wconf 51' lang='lat' dir='ltr'><strong>habeqm</strong></span> 
     </span>
     <span class='ocr_line' id='line_1_38' title="bbox 386 3353 2307 3446; baseline 0.008 -32"><span class='ocrx_word' id='word_1_297' title='bbox 386 3353 767 3438; x_wconf 79' lang='lat' dir='ltr'><strong>anfractum,</strong></span> <span class='ocrx_word' id='word_1_298' title='bbox 811 3358 922 3420; x_wconf 88' lang='lat' dir='ltr'><strong>sed</strong></span> <span class='ocrx_word' id='word_1_299' title='bbox 950 3363 1089 3423; x_wconf 87' lang='lat' dir='ltr'><strong>erat</strong></span> <span class='ocrx_word' id='word_1_300' title='bbox 1116 3362 1378 3443; x_wconf 88' lang='lat' dir='ltr'><strong>copiosa</strong></span> <span class='ocrx_word' id='word_1_301' title='bbox 1406 3362 1820 3446; x_wconf 88' lang='lat' dir='ltr'><strong>omniumque</strong></span> <span class='ocrx_word' id='word_1_302' title='bbox 1857 3384 2073 3428; x_wconf 88' lang='lat' dir='ltr'><strong>rerum</strong></span> <span class='ocrx_word' id='word_1_303' title='bbox 2116 3364 2307 3429; x_wconf 86' lang='lat' dir='ltr'><strong>abun·</strong></span> 
     </span>
    </p>
   </div>
   <div class='ocr_carea' id='block_1_3' title="bbox 331 3431 2305 3530">
    <p class='ocr_par' dir='ltr' id='par_1_11' title="bbox 331 3431 2305 3530">
     <span class='ocr_line' id='line_1_39' title="bbox 331 3431 2305 3530; baseline 0.011 -39"><span class='ocrx_word' id='word_1_304' title='bbox 331 3441 364 3489; x_wconf 74' lang='grc' dir='ltr'><strong>ο</strong></span> <span class='ocrx_word' id='word_1_305' title='bbox 392 3431 568 3496; x_wconf 81' lang='lat' dir='ltr'><strong>dans.</strong></span> <span class='ocrx_word' id='word_1_306' title='bbox 654 3437 775 3501; x_wconf 90' lang='lat' dir='ltr'><strong>hac</strong></span> <span class='ocrx_word' id='word_1_307' title='bbox 818 3440 873 3501; x_wconf 88' lang='lat' dir='ltr'><strong>si</strong></span> <span class='ocrx_word' id='word_1_308' title='bbox 915 3443 1452 3529; x_wconf 85' lang='lat' dir='ltr'><strong>proficisceretur,</strong></span> <span class='ocrx_word' id='word_1_309' title='bbox 1505 3445 1923 3530; x_wconf 86' lang='lat' dir='ltr'><strong>intellegebat</strong></span> <span class='ocrx_word' id='word_1_310' title='bbox 1972 3447 2157 3530; x_wconf 88' lang='lat' dir='ltr'><strong>prius</strong></span> <span class='ocrx_word' id='word_1_311' title='bbox 2210 3448 2305 3514; x_wconf 88' lang='lat' dir='ltr'><strong>ad-</strong></span> 
     </span>
    </p>
   </div>
   <div class='ocr_carea' id='block_1_4' title="bbox 2018 3605 2069 3626">
    <p class='ocr_par' dir='ltr' id='par_1_12' title="bbox 2018 3605 2069 3626">
     <span class='ocr_line' id='line_1_40' title="bbox 2018 3605 2069 3626; baseline 0 -2"><span class='ocrx_word' id='word_1_312' title='bbox 2018 3605 2069 3626; x_wconf 61' lang='grc' dir='ltr'><strong>-ι,</strong></span> 
     </span>
    </p>
   </div>
   <div class='ocr_carea' id='block_1_5' title="bbox 2368 415 2371 2121">
    <p class='ocr_par' dir='ltr' id='par_1_13' title="bbox 2368 415 2371 2121">
     <span class='ocr_line' id='line_1_41' title="bbox 2368 415 2371 2121; baseline 0 0"><span class='ocrx_word' id='word_1_313' title='bbox 2368 415 2371 2121; x_wconf 95' lang='lat' dir='ltr'><strong> </strong></span> 
     </span>
    </p>
   </div>
   <div class='ocr_carea' id='block_1_6' title="bbox 2367 2324 2371 3621">
    <p class='ocr_par' dir='ltr' id='par_1_14' title="bbox 2367 2324 2371 3621">
     <span class='ocr_line' id='line_1_42' title="bbox 2367 2324 2371 3621; baseline 0 0"><span class='ocrx_word' id='word_1_314' title='bbox 2367 2324 2371 3621; x_wconf 95' lang='lat' dir='ltr'><strong> </strong></span> 
     </span>
    </p>
   </div>
  </div>
 </body>
</html>
