<?xml version="1.0" encoding="UTF-8"?>
<!DOCTYPE html PUBLIC "-//W3C//DTD XHTML 1.0 Transitional//EN"
    "http://www.w3.org/TR/xhtml1/DTD/xhtml1-transitional.dtd">
<html xmlns="http://www.w3.org/1999/xhtml" xml:lang="en" lang="en">
 <head>
  <title>
</title>
<meta http-equiv="Content-Type" content="text/html;charset=utf-8" />
  <meta name='ocr-system' content='tesseract 3.04.00' />
  <meta name='ocr-capabilities' content='ocr_page ocr_carea ocr_par ocr_line ocrx_word'/>
</head>
<body>
  <div class='ocr_page' id='page_1' title='image "./tlucreticarider01unkngoog_0091.png"; bbox 0 0 2409 3825; ppageno 0'>
   <div class='ocr_carea' id='block_1_1' title="bbox 1151 103 1233 165">
    <p class='ocr_par' dir='ltr' id='par_1_1' title="bbox 1151 103 1233 165">
     <span class='ocr_line' id='line_1_1' title="bbox 1151 103 1233 165; baseline -0.012 0"><span class='ocrx_word' id='word_1_1' title='bbox 1151 103 1233 165; x_wconf 83' lang='lat'>111</span> 
     </span>
    </p>
   </div>
   <div class='ocr_carea' id='block_1_2' title="bbox 142 268 1959 3468">
    <p class='ocr_par' dir='ltr' id='par_1_2' title="bbox 142 268 1959 3468">
     <span class='ocr_line' id='line_1_2' title="bbox 345 268 1785 355; baseline -0.002 -20"><span class='ocrx_word' id='word_1_2' title='bbox 345 273 619 355; x_wconf 82' lang='lat' dir='ltr'>parvola,</span> <span class='ocrx_word' id='word_1_3' title='bbox 645 290 791 352; x_wconf 86' lang='lat' dir='ltr'>quae</span> <span class='ocrx_word' id='word_1_4' title='bbox 822 280 1067 349; x_wconf 79' lang='lat' dir='ltr'><strong>nequeat</strong></span> <span class='ocrx_word' id='word_1_5' title='bbox 1089 271 1231 329; x_wconf 91' lang='lat' dir='ltr'>ratio</span> <span class='ocrx_word' id='word_1_6' title='bbox 1261 268 1560 348; x_wconf 92' lang='lat' dir='ltr'>depellere</span> <span class='ocrx_word' id='word_1_7' title='bbox 1583 271 1785 345; x_wconf 79' lang='lat' dir='ltr'>nobis,</span> 
     </span>
     <span class='ocr_line' id='line_1_3' title="bbox 345 353 1603 436; baseline -0.006 -17"><span class='ocrx_word' id='word_1_8' title='bbox 345 368 406 421; x_wconf 93' lang='lat' dir='ltr'>ut</span> <span class='ocrx_word' id='word_1_9' title='bbox 431 358 508 419; x_wconf 90' lang='lat' dir='ltr'>nil</span> <span class='ocrx_word' id='word_1_10' title='bbox 534 356 786 436; x_wconf 88' lang='lat' dir='ltr'>inpediat</span> <span class='ocrx_word' id='word_1_11' title='bbox 812 355 1035 433; x_wconf 81' lang='lat' dir='ltr'>dignam</span> <span class='ocrx_word' id='word_1_12' title='bbox 1060 353 1146 414; x_wconf 89' lang='lat' dir='ltr'>dis</span> <span class='ocrx_word' id='word_1_13' title='bbox 1177 353 1394 431; x_wconf 81' lang='lat' dir='ltr'>degere</span> <span class='ocrx_word' id='word_1_14' title='bbox 1417 355 1603 414; x_wconf 86' lang='lat' dir='ltr'>vitam.</span> 
     </span>
     <span class='ocr_line' id='line_1_4' title="bbox 429 438 1841 518; baseline -0.005 -15"><span class='ocrx_word' id='word_1_15' title='bbox 429 441 591 503; x_wconf 87' lang='lat' dir='ltr'>Haec</span> <span class='ocrx_word' id='word_1_16' title='bbox 619 442 793 518; x_wconf 86' lang='lat' dir='ltr'>igitur</span> <span class='ocrx_word' id='word_1_17' title='bbox 818 447 1262 499; x_wconf 88' lang='lat' dir='ltr'>naturatenetur</span> <span class='ocrx_word' id='word_1_18' title='bbox 1288 455 1534 516; x_wconf 91' lang='lat' dir='ltr'>corpore</span> <span class='ocrx_word' id='word_1_19' title='bbox 1556 438 1627 515; x_wconf 70' lang='lat' dir='ltr'>ab</span> <span class='ocrx_word' id='word_1_20' title='bbox 1660 440 1841 515; x_wconf 85' lang='lat' dir='ltr'>omni,</span> 
     </span>
     <span class='ocr_line' id='line_1_5' title="bbox 349 518 1739 609; baseline -0.004 -21"><span class='ocrx_word' id='word_1_21' title='bbox 349 530 589 609; x_wconf 88' lang='lat' dir='ltr'>ipsaque</span> <span class='ocrx_word' id='word_1_22' title='bbox 616 524 877 603; x_wconf 88' lang='lat' dir='ltr'>corporis</span> <span class='ocrx_word' id='word_1_23' title='bbox 902 532 992 584; x_wconf 88' lang='lat' dir='ltr'>est</span> <span class='ocrx_word' id='word_1_24' title='bbox 1017 531 1212 583; x_wconf 89' lang='lat' dir='ltr'>custos</span> <span class='ocrx_word' id='word_1_25' title='bbox 1237 531 1295 581; x_wconf 88' lang='lat' dir='ltr'>et</span> <span class='ocrx_word' id='word_1_26' title='bbox 1320 541 1488 583; x_wconf 91' lang='lat' dir='ltr'>causa</span> <span class='ocrx_word' id='word_1_27' title='bbox 1512 518 1739 583; x_wconf 86' lang='lat' dir='ltr'>salutis:</span> 
     </span>
     <span class='ocr_line' id='line_1_6' title="bbox 217 605 1762 685; baseline -0.005 -11"><span class='ocrx_word' id='word_1_28' title='bbox 217 620 320 674; x_wconf 70' lang='lat'>³25</span> <span class='ocrx_word' id='word_1_29' title='bbox 348 629 475 672; x_wconf 86' lang='lat' dir='ltr'>nam</span> <span class='ocrx_word' id='word_1_30' title='bbox 501 609 890 670; x_wconf 86' lang='lat' dir='ltr'>communibus</span> <span class='ocrx_word' id='word_1_31' title='bbox 915 609 1062 667; x_wconf 88' lang='lat' dir='ltr'>inter</span> <span class='ocrx_word' id='word_1_32' title='bbox 1091 625 1158 667; x_wconf 90' lang='lat' dir='ltr'>se</span> <span class='ocrx_word' id='word_1_33' title='bbox 1186 606 1470 666; x_wconf 82' lang='lat' dir='ltr'><strong>radicibus</strong></span> <span class='ocrx_word' id='word_1_34' title='bbox 1493 605 1762 685; x_wconf 81' lang='lat' dir='ltr'>haerent,</span> 
     </span>
     <span class='ocr_line' id='line_1_7' title="bbox 349 690 1621 772; baseline -0.006 -17"><span class='ocrx_word' id='word_1_35' title='bbox 349 714 462 755; x_wconf 87' lang='lat' dir='ltr'>nec</span> <span class='ocrx_word' id='word_1_36' title='bbox 487 696 610 754; x_wconf 88' lang='lat' dir='ltr'>sine</span> <span class='ocrx_word' id='word_1_37' title='bbox 641 694 899 772; x_wconf 82' lang='lat' dir='ltr'>pernicie</span> <span class='ocrx_word' id='word_1_38' title='bbox 922 690 1116 751; x_wconf 84' lang='lat' dir='ltr'>divelli</span> <span class='ocrx_word' id='word_1_39' title='bbox 1142 708 1319 767; x_wconf 88' lang='lat' dir='ltr'>posse</span> <span class='ocrx_word' id='word_1_40' title='bbox 1341 691 1621 751; x_wconf 86' lang='lat' dir='ltr'>videntur.</span> 
     </span>
     <span class='ocr_line' id='line_1_8' title="bbox 349 772 1777 857; baseline -0.002 -20"><span class='ocrx_word' id='word_1_41' title='bbox 349 778 506 856; x_wconf 87' lang='lat' dir='ltr'>quod</span> <span class='ocrx_word' id='word_1_42' title='bbox 527 796 712 856; x_wconf 87' lang='lat' dir='ltr'>genus</span> <span class='ocrx_word' id='word_1_43' title='bbox 741 796 774 837; x_wconf 92' lang='lat' dir='ltr'>e</span> <span class='ocrx_word' id='word_1_44' title='bbox 799 774 1223 857; x_wconf 20' lang='lat' dir='ltr'>thurisflglaebis</span> <span class='ocrx_word' id='word_1_45' title='bbox 1248 772 1504 835; x_wconf 85' lang='lat' dir='ltr'>evellere</span> <span class='ocrx_word' id='word_1_46' title='bbox 1540 774 1777 835; x_wconf 88' lang='lat' dir='ltr'>odorem</span> 
     </span>
     <span class='ocr_line' id='line_1_9' title="bbox 347 860 1913 939; baseline -0.001 -17"><span class='ocrx_word' id='word_1_47' title='bbox 347 862 497 922; x_wconf 88' lang='lat' dir='ltr'>haud</span> <span class='ocrx_word' id='word_1_48' title='bbox 521 860 693 922; x_wconf 84' lang='lat' dir='ltr'>facile</span> <span class='ocrx_word' id='word_1_49' title='bbox 720 870 846 938; x_wconf 82' lang='lat' dir='ltr'>est,</span> <span class='ocrx_word' id='word_1_50' title='bbox 872 861 1005 938; x_wconf 87' lang='lat' dir='ltr'>quin</span> <span class='ocrx_word' id='word_1_51' title='bbox 1027 861 1270 920; x_wconf 86' lang='lat' dir='ltr'>intereat</span> <span class='ocrx_word' id='word_1_52' title='bbox 1291 868 1484 920; x_wconf 87' lang='lat' dir='ltr'>natura</span> <span class='ocrx_word' id='word_1_53' title='bbox 1507 878 1737 939; x_wconf 91' lang='lat' dir='ltr'>quoque</span> <span class='ocrx_word' id='word_1_54' title='bbox 1768 861 1913 921; x_wconf 90' lang='lat' dir='ltr'>eius.</span> 
     </span>
     <span class='ocr_line' id='line_1_10' title="bbox 347 947 1749 1024; baseline -0.002 -17"><span class='ocrx_word' id='word_1_55' title='bbox 347 948 434 1007; x_wconf 90' lang='lat' dir='ltr'>sic</span> <span class='ocrx_word' id='word_1_56' title='bbox 461 947 626 1005; x_wconf 88' lang='lat' dir='ltr'>animi</span> <span class='ocrx_word' id='word_1_57' title='bbox 647 953 819 1024; x_wconf 88' lang='lat' dir='ltr'>atque</span> <span class='ocrx_word' id='word_1_58' title='bbox 841 947 1057 1005; x_wconf 86' lang='lat' dir='ltr'>animae</span> <span class='ocrx_word' id='word_1_59' title='bbox 1081 952 1334 1003; x_wconf 89' lang='lat' dir='ltr'>naturam</span> <span class='ocrx_word' id='word_1_60' title='bbox 1358 962 1602 1023; x_wconf 87' lang='lat' dir='ltr'>corpore</span> <span class='ocrx_word' id='word_1_61' title='bbox 1626 954 1749 1005; x_wconf 93' lang='lat' dir='ltr'>toto</span> 
     </span>
     <span class='ocr_line' id='line_1_11' title="bbox 218 1027 1952 1107; baseline -0.004 -13"><span class='ocrx_word' id='word_1_62' title='bbox 218 1039 323 1094; x_wconf 77' lang='lat'>330</span> <span class='ocrx_word' id='word_1_63' title='bbox 347 1029 653 1091; x_wconf 79' lang='lat' dir='ltr'>extrahere</span> <span class='ocrx_word' id='word_1_64' title='bbox 681 1028 815 1088; x_wconf 90' lang='lat' dir='ltr'>haut</span> <span class='ocrx_word' id='word_1_65' title='bbox 837 1027 1010 1088; x_wconf 83' lang='lat' dir='ltr'>facile</span> <span class='ocrx_word' id='word_1_66' title='bbox 1034 1038 1126 1089; x_wconf 88' lang='lat' dir='ltr'>est</span> <span class='ocrx_word' id='word_1_67' title='bbox 1141 1074 1158 1106; x_wconf 84' lang='lat'><strong>‚</strong></span> <span class='ocrx_word' id='word_1_68' title='bbox 1191 1030 1325 1107; x_wconf 86' lang='lat' dir='ltr'>quin</span> <span class='ocrx_word' id='word_1_69' title='bbox 1350 1029 1529 1088; x_wconf 90' lang='lat' dir='ltr'>omnia</span> <span class='ocrx_word' id='word_1_70' title='bbox 1554 1028 1952 1090; x_wconf 86' lang='lat' dir='ltr'>dissoluantur.</span> 
     </span>
     <span class='ocr_line' id='line_1_12' title="bbox 346 1112 1551 1192; baseline -0.002 -18"><span class='ocrx_word' id='word_1_71' title='bbox 346 1112 597 1192; x_wconf 86' lang='lat' dir='ltr'>inplexis</span> <span class='ocrx_word' id='word_1_72' title='bbox 620 1115 697 1172; x_wconf 89' lang='lat' dir='ltr'>ita</span> <span class='ocrx_word' id='word_1_73' title='bbox 717 1113 1011 1191; x_wconf 81' lang='lat' dir='ltr'>principiis</span> <span class='ocrx_word' id='word_1_74' title='bbox 1033 1113 1105 1173; x_wconf 85' lang='lat' dir='ltr'>ab</span> <span class='ocrx_word' id='word_1_75' title='bbox 1131 1114 1351 1190; x_wconf 86' lang='lat' dir='ltr'>origine</span> <span class='ocrx_word' id='word_1_76' title='bbox 1374 1113 1551 1191; x_wconf 87' lang='lat' dir='ltr'>prima</span> 
     </span>
     <span class='ocr_line' id='line_1_13' title="bbox 346 1195 1476 1275; baseline -0.002 -17"><span class='ocrx_word' id='word_1_77' title='bbox 346 1201 497 1258; x_wconf 87' lang='lat' dir='ltr'>inter</span> <span class='ocrx_word' id='word_1_78' title='bbox 517 1216 585 1260; x_wconf 86' lang='lat' dir='ltr'>se</span> <span class='ocrx_word' id='word_1_79' title='bbox 609 1197 747 1257; x_wconf 86' lang='lat' dir='ltr'>fiunt</span> <span class='ocrx_word' id='word_1_80' title='bbox 777 1198 1030 1258; x_wconf 81' lang='lat' dir='ltr'>consorti</span> <span class='ocrx_word' id='word_1_81' title='bbox 1052 1195 1306 1275; x_wconf 88' lang='lat' dir='ltr'>praedita</span> <span class='ocrx_word' id='word_1_82' title='bbox 1328 1198 1440 1256; x_wconf 87' lang='lat' dir='ltr'>vita</span> <span class='ocrx_word' id='word_1_83' title='bbox 1459 1243 1476 1275; x_wconf 87' lang='lat'>‚</span> 
     </span>
     <span class='ocr_line' id='line_1_14' title="bbox 347 1278 1813 1360; baseline -0.001 -17"><span class='ocrx_word' id='word_1_84' title='bbox 347 1301 459 1343; x_wconf 91' lang='lat' dir='ltr'>nec</span> <span class='ocrx_word' id='word_1_85' title='bbox 483 1282 592 1342; x_wconf 89' lang='lat' dir='ltr'>sibi</span> <span class='ocrx_word' id='word_1_86' title='bbox 617 1299 880 1360; x_wconf 86' lang='lat' dir='ltr'>quaeque</span> <span class='ocrx_word' id='word_1_87' title='bbox 904 1283 1030 1341; x_wconf 89' lang='lat' dir='ltr'>sine</span> <span class='ocrx_word' id='word_1_88' title='bbox 1052 1278 1286 1341; x_wconf 86' lang='lat' dir='ltr'>alterius</span> <span class='ocrx_word' id='word_1_89' title='bbox 1309 1283 1365 1340; x_wconf 91' lang='lat' dir='ltr'>vi</span> <span class='ocrx_word' id='word_1_90' title='bbox 1387 1299 1567 1359; x_wconf 90' lang='lat' dir='ltr'>posse</span> <span class='ocrx_word' id='word_1_91' title='bbox 1590 1282 1813 1343; x_wconf 87' lang='lat' dir='ltr'>videtur</span> 
     </span>
     <span class='ocr_line' id='line_1_15' title="bbox 351 1366 1840 1445; baseline -0.001 -18"><span class='ocrx_word' id='word_1_92' title='bbox 351 1366 614 1444; x_wconf 87' lang='lat' dir='ltr'>corporis</span> <span class='ocrx_word' id='word_1_93' title='bbox 637 1374 811 1443; x_wconf 89' lang='lat' dir='ltr'>atque</span> <span class='ocrx_word' id='word_1_94' title='bbox 832 1366 998 1424; x_wconf 91' lang='lat' dir='ltr'>animi</span> <span class='ocrx_word' id='word_1_95' title='bbox 1020 1382 1284 1426; x_wconf 87' lang='lat' dir='ltr'>seorsum</span> <span class='ocrx_word' id='word_1_96' title='bbox 1305 1367 1521 1426; x_wconf 88' lang='lat' dir='ltr'>sentire</span> <span class='ocrx_word' id='word_1_97' title='bbox 1547 1376 1805 1445; x_wconf 87' lang='lat' dir='ltr'>potestas</span> <span class='ocrx_word' id='word_1_98' title='bbox 1822 1413 1840 1445; x_wconf 81' lang='lat'>‚</span> 
     </span>
     <span class='ocr_line' id='line_1_16' title="bbox 223 1447 1774 1530; baseline -0.002 -17"><span class='ocrx_word' id='word_1_99' title='bbox 223 1459 325 1513; x_wconf 78' lang='lat'>335</span> <span class='ocrx_word' id='word_1_100' title='bbox 348 1449 455 1511; x_wconf 90' lang='lat' dir='ltr'>sed</span> <span class='ocrx_word' id='word_1_101' title='bbox 479 1450 870 1510; x_wconf 85' lang='lat' dir='ltr'>communibus</span> <span class='ocrx_word' id='word_1_102' title='bbox 899 1451 1049 1510; x_wconf 88' lang='lat' dir='ltr'>inter</span> <span class='ocrx_word' id='word_1_103' title='bbox 1073 1468 1170 1510; x_wconf 85' lang='lat' dir='ltr'>eas</span> <span class='ocrx_word' id='word_1_104' title='bbox 1196 1447 1475 1510; x_wconf 87' lang='lat' dir='ltr'>conflatur</span> <span class='ocrx_word' id='word_1_105' title='bbox 1494 1452 1774 1530; x_wconf 87' lang='lat' dir='ltr'>utrimque</span> 
     </span>
     <span class='ocr_line' id='line_1_17' title="bbox 348 1534 1715 1612; baseline 0 -19"><span class='ocrx_word' id='word_1_106' title='bbox 348 1535 598 1595; x_wconf 87' lang='lat' dir='ltr'>motibus</span> <span class='ocrx_word' id='word_1_107' title='bbox 619 1551 902 1594; x_wconf 89' lang='lat' dir='ltr'>accensus</span> <span class='ocrx_word' id='word_1_108' title='bbox 924 1534 1089 1594; x_wconf 87' lang='lat' dir='ltr'>nobis</span> <span class='ocrx_word' id='word_1_109' title='bbox 1113 1551 1221 1612; x_wconf 86' lang='lat' dir='ltr'>per</span> <span class='ocrx_word' id='word_1_110' title='bbox 1241 1534 1468 1596; x_wconf 89' lang='lat' dir='ltr'>viscera</span> <span class='ocrx_word' id='word_1_111' title='bbox 1489 1553 1715 1595; x_wconf 87' lang='lat' dir='ltr'>sensus.</span> 
     </span>
     <span class='ocr_line' id='line_1_18' title="bbox 349 1618 1799 1698; baseline -0.001 -20"><span class='ocrx_word' id='word_1_112' title='bbox 349 1627 653 1698; x_wconf 88' lang='lat' dir='ltr'>praeterea</span> <span class='ocrx_word' id='word_1_113' title='bbox 677 1635 888 1697; x_wconf 89' lang='lat' dir='ltr'>corpus</span> <span class='ocrx_word' id='word_1_114' title='bbox 913 1635 1020 1697; x_wconf 89' lang='lat' dir='ltr'>per</span> <span class='ocrx_word' id='word_1_115' title='bbox 1041 1637 1108 1678; x_wconf 89' lang='lat' dir='ltr'>se</span> <span class='ocrx_word' id='word_1_116' title='bbox 1130 1636 1242 1678; x_wconf 84' lang='lat' dir='ltr'>nec</span> <span class='ocrx_word' id='word_1_117' title='bbox 1265 1618 1515 1695; x_wconf 79' lang='lat' dir='ltr'>gignitur</span> <span class='ocrx_word' id='word_1_118' title='bbox 1539 1635 1799 1697; x_wconf 88' lang='lat' dir='ltr'>umquam</span> 
     </span>
     <span class='ocr_line' id='line_1_19' title="bbox 348 1701 1831 1782; baseline -0.001 -21"><span class='ocrx_word' id='word_1_119' title='bbox 348 1721 460 1762; x_wconf 89' lang='lat' dir='ltr'>nec</span> <span class='ocrx_word' id='word_1_120' title='bbox 485 1703 700 1763; x_wconf 88' lang='lat' dir='ltr'>crescit</span> <span class='ocrx_word' id='word_1_121' title='bbox 723 1720 912 1779; x_wconf 88' lang='lat' dir='ltr'>neque</span> <span class='ocrx_word' id='word_1_122' title='bbox 936 1711 1071 1782; x_wconf 91' lang='lat' dir='ltr'>post</span> <span class='ocrx_word' id='word_1_123' title='bbox 1090 1712 1334 1761; x_wconf 88' lang='lat' dir='ltr'>mortem</span> <span class='ocrx_word' id='word_1_124' title='bbox 1358 1701 1560 1762; x_wconf 90' lang='lat' dir='ltr'>durare</span> <span class='ocrx_word' id='word_1_125' title='bbox 1588 1702 1831 1762; x_wconf 84' lang='lat' dir='ltr'>videtur.</span> 
     </span>
     <span class='ocr_line' id='line_1_20' title="bbox 349 1785 1916 1866; baseline -0.001 -20"><span class='ocrx_word' id='word_1_126' title='bbox 349 1804 463 1846; x_wconf 90' lang='lat' dir='ltr'>non</span> <span class='ocrx_word' id='word_1_127' title='bbox 486 1789 638 1848; x_wconf 90' lang='lat' dir='ltr'>enim</span> <span class='ocrx_word' id='word_1_128' title='bbox 652 1833 670 1865; x_wconf 88' lang='lat'>,</span> <span class='ocrx_word' id='word_1_129' title='bbox 695 1795 755 1846; x_wconf 91' lang='lat' dir='ltr'>ut</span> <span class='ocrx_word' id='word_1_130' title='bbox 778 1800 939 1847; x_wconf 90' lang='lat' dir='ltr'>umor</span> <span class='ocrx_word' id='word_1_131' title='bbox 958 1805 1139 1864; x_wconf 88' lang='lat' dir='ltr'>aquae</span> <span class='ocrx_word' id='word_1_132' title='bbox 1165 1785 1387 1846; x_wconf 87' lang='lat' dir='ltr'>dimittit</span> <span class='ocrx_word' id='word_1_133' title='bbox 1409 1804 1588 1864; x_wconf 88' lang='lat' dir='ltr'>saepe</span> <span class='ocrx_word' id='word_1_134' title='bbox 1609 1803 1881 1866; x_wconf 80' lang='lat' dir='ltr'>vaporem</span> <span class='ocrx_word' id='word_1_135' title='bbox 1898 1833 1916 1864; x_wconf 83' lang='lat'>,</span> 
     </span>
     <span class='ocr_line' id='line_1_21' title="bbox 225 1868 1838 1951; baseline -0.001 -17"><span class='ocrx_word' id='word_1_136' title='bbox 225 1878 326 1934; x_wconf 75' lang='lat'>340</span> <span class='ocrx_word' id='word_1_137' title='bbox 348 1872 442 1951; x_wconf 87' lang='lat' dir='ltr'>qui</span> <span class='ocrx_word' id='word_1_138' title='bbox 467 1871 630 1932; x_wconf 88' lang='lat' dir='ltr'>datus</span> <span class='ocrx_word' id='word_1_139' title='bbox 655 1881 745 1932; x_wconf 88' lang='lat' dir='ltr'>est</span> <span class='ocrx_word' id='word_1_140' title='bbox 761 1917 779 1950; x_wconf 83' lang='lat'>‚</span> <span class='ocrx_word' id='word_1_141' title='bbox 803 1889 992 1951; x_wconf 88' lang='lat' dir='ltr'>neque</span> <span class='ocrx_word' id='word_1_142' title='bbox 1016 1889 1084 1931; x_wconf 89' lang='lat' dir='ltr'>ea</span> <span class='ocrx_word' id='word_1_143' title='bbox 1110 1889 1279 1933; x_wconf 86' lang='lat' dir='ltr'>causa</span> <span class='ocrx_word' id='word_1_144' title='bbox 1305 1868 1648 1932; x_wconf 85' lang='lat' dir='ltr'>convellitur</span> <span class='ocrx_word' id='word_1_145' title='bbox 1674 1872 1803 1951; x_wconf 93' lang='lat' dir='ltr'>ipse</span> <span class='ocrx_word' id='word_1_146' title='bbox 1819 1917 1838 1949; x_wconf 86' lang='lat'><strong>‚</strong></span> 
     </span>
     <span class='ocr_line' id='line_1_22' title="bbox 350 1954 1854 2034; baseline -0.005 -17"><span class='ocrx_word' id='word_1_147' title='bbox 350 1955 457 2017; x_wconf 90' lang='lat' dir='ltr'>sed</span> <span class='ocrx_word' id='word_1_148' title='bbox 484 1965 674 2016; x_wconf 88' lang='lat' dir='ltr'>manet</span> <span class='ocrx_word' id='word_1_149' title='bbox 696 1954 995 2016; x_wconf 86' lang='lat' dir='ltr'>incolumis</span> <span class='ocrx_word' id='word_1_150' title='bbox 1011 2002 1029 2034; x_wconf 89' lang='lat'>,</span> <span class='ocrx_word' id='word_1_151' title='bbox 1053 1973 1164 2015; x_wconf 92' lang='lat' dir='ltr'>non</span> <span class='ocrx_word' id='word_1_152' title='bbox 1182 2002 1200 2034; x_wconf 89' lang='lat'>,</span> <span class='ocrx_word' id='word_1_153' title='bbox 1222 1958 1445 2033; x_wconf 89' lang='lat' dir='ltr'>inquam</span> <span class='ocrx_word' id='word_1_154' title='bbox 1462 2001 1480 2033; x_wconf 86' lang='lat'>,</span> <span class='ocrx_word' id='word_1_155' title='bbox 1506 1957 1592 2020; x_wconf 87' lang='lat' dir='ltr'>sic</span> <span class='ocrx_word' id='word_1_156' title='bbox 1612 1955 1810 2017; x_wconf 85' lang='lat' dir='ltr'>animai</span> <span class='ocrx_word' id='word_1_157' title='bbox 1849 2004 1854 2010; x_wconf 89' lang='lat'>.</span> 
     </span>
     <span class='ocr_line' id='line_1_23' title="bbox 348 2037 1613 2120; baseline 0.002 -22"><span class='ocrx_word' id='word_1_158' title='bbox 348 2039 646 2100; x_wconf 89' lang='lat' dir='ltr'>discidium</span> <span class='ocrx_word' id='word_1_159' title='bbox 670 2048 910 2119; x_wconf 80' lang='lat' dir='ltr'>possunt</span> <span class='ocrx_word' id='word_1_160' title='bbox 932 2049 1086 2100; x_wconf 83' lang='lat' dir='ltr'>artus</span> <span class='ocrx_word' id='word_1_161' title='bbox 1108 2039 1371 2120; x_wconf 84' lang='lat' dir='ltr'>perferre</span> <span class='ocrx_word' id='word_1_162' title='bbox 1392 2037 1613 2118; x_wconf 83' lang='lat' dir='ltr'>relicti,</span> 
     </span>
     <span class='ocr_line' id='line_1_24' title="bbox 349 2123 1890 2203; baseline -0.002 -19"><span class='ocrx_word' id='word_1_163' title='bbox 349 2123 454 2184; x_wconf 90' lang='lat' dir='ltr'>sed</span> <span class='ocrx_word' id='word_1_164' title='bbox 476 2126 705 2201; x_wconf 87' lang='lat' dir='ltr'>penitus</span> <span class='ocrx_word' id='word_1_165' title='bbox 729 2133 972 2201; x_wconf 88' lang='lat' dir='ltr'>pereunt</span> <span class='ocrx_word' id='word_1_166' title='bbox 996 2124 1257 2185; x_wconf 83' lang='lat' dir='ltr'>convulsi</span> <span class='ocrx_word' id='word_1_167' title='bbox 1283 2140 1508 2201; x_wconf 88' lang='lat' dir='ltr'>conque</span> <span class='ocrx_word' id='word_1_168' title='bbox 1537 2132 1890 2203; x_wconf 89' lang='lat' dir='ltr'>putrescunt.</span> 
     </span>
     <span class='ocr_line' id='line_1_25' title="bbox 350 2209 1661 2286; baseline 0.001 -20"><span class='ocrx_word' id='word_1_169' title='bbox 350 2226 428 2267; x_wconf 84' lang='lat' dir='ltr'>ex</span> <span class='ocrx_word' id='word_1_170' title='bbox 447 2209 678 2269; x_wconf 89' lang='lat' dir='ltr'>ineunte</span> <span class='ocrx_word' id='word_1_171' title='bbox 699 2226 847 2269; x_wconf 86' lang='lat' dir='ltr'>aevo</span> <span class='ocrx_word' id='word_1_172' title='bbox 869 2210 956 2268; x_wconf 89' lang='lat' dir='ltr'>sic</span> <span class='ocrx_word' id='word_1_173' title='bbox 982 2209 1243 2286; x_wconf 88' lang='lat' dir='ltr'>corporis</span> <span class='ocrx_word' id='word_1_174' title='bbox 1267 2216 1438 2285; x_wconf 88' lang='lat' dir='ltr'>atque</span> <span class='ocrx_word' id='word_1_175' title='bbox 1459 2210 1661 2268; x_wconf 89' lang='lat' dir='ltr'>animai</span> 
     </span>
     <span class='ocr_line' id='line_1_26' title="bbox 226 2291 1519 2371; baseline -0.002 -18"><span class='ocrx_word' id='word_1_176' title='bbox 226 2298 325 2353; x_wconf 73' lang='lat'>345</span> <span class='ocrx_word' id='word_1_177' title='bbox 347 2301 537 2351; x_wconf 87' lang='lat' dir='ltr'>mutua</span> <span class='ocrx_word' id='word_1_178' title='bbox 555 2291 742 2353; x_wconf 84' lang='lat' dir='ltr'>vitalis</span> <span class='ocrx_word' id='word_1_179' title='bbox 766 2293 991 2353; x_wconf 86' lang='lat' dir='ltr'>discunt</span> <span class='ocrx_word' id='word_1_180' title='bbox 1022 2295 1282 2371; x_wconf 87' lang='lat' dir='ltr'>contagia</span> <span class='ocrx_word' id='word_1_181' title='bbox 1303 2301 1519 2370; x_wconf 85' lang='lat' dir='ltr'>motus,</span> 
     </span>
     <span class='ocr_line' id='line_1_27' title="bbox 349 2375 1662 2457; baseline 0.002 -23"><span class='ocrx_word' id='word_1_182' title='bbox 349 2377 619 2436; x_wconf 86' lang='lat' dir='ltr'>maternis</span> <span class='ocrx_word' id='word_1_183' title='bbox 643 2377 810 2436; x_wconf 87' lang='lat' dir='ltr'>etiam</span> <span class='ocrx_word' id='word_1_184' title='bbox 830 2376 1099 2437; x_wconf 88' lang='lat' dir='ltr'>membris</span> <span class='ocrx_word' id='word_1_185' title='bbox 1122 2375 1371 2455; x_wconf 86' lang='lat' dir='ltr'>alvoque</span> <span class='ocrx_word' id='word_1_186' title='bbox 1392 2387 1628 2457; x_wconf 90' lang='lat' dir='ltr'>reposta</span> <span class='ocrx_word' id='word_1_187' title='bbox 1644 2422 1662 2454; x_wconf 86' lang='lat'>,</span> 
     </span>
     <span class='ocr_line' id='line_1_28' title="bbox 350 2458 1828 2539; baseline 0 -20"><span class='ocrx_word' id='word_1_188' title='bbox 350 2458 648 2520; x_wconf 88' lang='lat' dir='ltr'>discidium</span> <span class='ocrx_word' id='word_1_189' title='bbox 667 2468 734 2521; x_wconf 81' lang='lat' dir='ltr'>ut</span> <span class='ocrx_word' id='word_1_190' title='bbox 759 2470 1009 2539; x_wconf 88' lang='lat' dir='ltr'>nequeat</span> <span class='ocrx_word' id='word_1_191' title='bbox 1036 2460 1159 2520; x_wconf 84' lang='lat' dir='ltr'>fieri</span> <span class='ocrx_word' id='word_1_192' title='bbox 1183 2462 1308 2522; x_wconf 90' lang='lat' dir='ltr'>sine</span> <span class='ocrx_word' id='word_1_193' title='bbox 1334 2469 1502 2538; x_wconf 89' lang='lat' dir='ltr'>peste</span> <span class='ocrx_word' id='word_1_194' title='bbox 1531 2458 1828 2537; x_wconf 90' lang='lat' dir='ltr'>maloque;</span> 
     </span>
     <span class='ocr_line' id='line_1_29' title="bbox 350 2542 1779 2623; baseline 0.001 -22"><span class='ocrx_word' id='word_1_195' title='bbox 350 2552 411 2602; x_wconf 89' lang='lat' dir='ltr'>ut</span> <span class='ocrx_word' id='word_1_196' title='bbox 431 2542 630 2606; x_wconf 84' lang='lat' dir='ltr'>videas</span> <span class='ocrx_word' id='word_1_197' title='bbox 645 2590 664 2622; x_wconf 86' lang='lat'><strong>‚</strong></span> <span class='ocrx_word' id='word_1_198' title='bbox 691 2547 952 2623; x_wconf 86' lang='lat' dir='ltr'>quoniam</span> <span class='ocrx_word' id='word_1_199' title='bbox 976 2545 1331 2605; x_wconf 87' lang='lat' dir='ltr'>coniunctast</span> <span class='ocrx_word' id='word_1_200' title='bbox 1357 2562 1527 2604; x_wconf 85' lang='lat' dir='ltr'>causa</span> <span class='ocrx_word' id='word_1_201' title='bbox 1549 2543 1747 2604; x_wconf 82' lang='lat' dir='ltr'>salutis</span> <span class='ocrx_word' id='word_1_202' title='bbox 1761 2589 1779 2621; x_wconf 81' lang='lat'>‚</span> 
     </span>
     <span class='ocr_line' id='line_1_30' title="bbox 142 2629 1838 2708; baseline -0.001 -22"><span class='ocrx_word' id='word_1_203' title='bbox 142 2695 146 2704; x_wconf 42' lang='lat'>‚</span> <span class='ocrx_word' id='word_1_204' title='bbox 352 2629 712 2688; x_wconf 90' lang='lat' dir='ltr'>coniunctam</span> <span class='ocrx_word' id='word_1_205' title='bbox 735 2647 965 2708; x_wconf 87' lang='lat' dir='ltr'>quoque</span> <span class='ocrx_word' id='word_1_206' title='bbox 994 2637 1244 2690; x_wconf 89' lang='lat' dir='ltr'>naturam</span> <span class='ocrx_word' id='word_1_207' title='bbox 1270 2630 1590 2688; x_wconf 88' lang='lat' dir='ltr'>consistere</span> <span class='ocrx_word' id='word_1_208' title='bbox 1622 2645 1838 2687; x_wconf 89' lang='lat' dir='ltr'>eorum.</span> 
     </span>
     <span class='ocr_line' id='line_1_31' title="bbox 229 2709 1959 2793; baseline -0.001 -22"><span class='ocrx_word' id='word_1_209' title='bbox 229 2718 328 2772; x_wconf 78' lang='lat'>350</span> <span class='ocrx_word' id='word_1_210' title='bbox 437 2709 464 2791; x_wconf 84' lang='grc' dir='ltr'>Η</span> <span class='ocrx_word' id='word_1_211' title='bbox 493 2710 663 2785; x_wconf 83' lang='lat' dir='ltr'>Quod</span> <span class='ocrx_word' id='word_1_212' title='bbox 684 2732 861 2792; x_wconf 91' lang='lat' dir='ltr'>super</span> <span class='ocrx_word' id='word_1_213' title='bbox 886 2722 1013 2790; x_wconf 83' lang='lat' dir='ltr'>est,</span> <span class='ocrx_word' id='word_1_214' title='bbox 1037 2715 1217 2792; x_wconf 87' lang='lat' dir='ltr'>siquis</span> <span class='ocrx_word' id='word_1_215' title='bbox 1243 2729 1454 2793; x_wconf 89' lang='lat' dir='ltr'>corpus</span> <span class='ocrx_word' id='word_1_216' title='bbox 1477 2713 1692 2772; x_wconf 87' lang='lat' dir='ltr'>sentire</span> <span class='ocrx_word' id='word_1_217' title='bbox 1715 2710 1959 2789; x_wconf 84' lang='lat' dir='ltr'>refutat,</span> 
     </span>
     <span class='ocr_line' id='line_1_32' title="bbox 347 2796 1757 2875; baseline 0 -21"><span class='ocrx_word' id='word_1_218' title='bbox 347 2803 519 2872; x_wconf 86' lang='lat' dir='ltr'>atque</span> <span class='ocrx_word' id='word_1_219' title='bbox 540 2797 778 2856; x_wconf 85' lang='lat' dir='ltr'>animam</span> <span class='ocrx_word' id='word_1_220' title='bbox 799 2796 982 2858; x_wconf 88' lang='lat' dir='ltr'>credit</span> <span class='ocrx_word' id='word_1_221' title='bbox 1004 2799 1340 2875; x_wconf 87' lang='lat' dir='ltr'>permixtam</span> <span class='ocrx_word' id='word_1_222' title='bbox 1364 2813 1610 2874; x_wconf 89' lang='lat' dir='ltr'>corpore</span> <span class='ocrx_word' id='word_1_223' title='bbox 1633 2804 1757 2855; x_wconf 88' lang='lat' dir='ltr'>toto</span> 
     </span>
     <span class='ocr_line' id='line_1_33' title="bbox 347 2879 1958 2961; baseline 0 -22"><span class='ocrx_word' id='word_1_224' title='bbox 347 2880 649 2959; x_wconf 89' lang='lat' dir='ltr'>suscipere</span> <span class='ocrx_word' id='word_1_225' title='bbox 672 2880 825 2942; x_wconf 89' lang='lat' dir='ltr'>hunc</span> <span class='ocrx_word' id='word_1_226' title='bbox 843 2891 1057 2942; x_wconf 89' lang='lat' dir='ltr'>motum</span> <span class='ocrx_word' id='word_1_227' title='bbox 1079 2900 1250 2961; x_wconf 88' lang='lat' dir='ltr'>quem</span> <span class='ocrx_word' id='word_1_228' title='bbox 1272 2898 1504 2942; x_wconf 87' lang='lat' dir='ltr'>sensum</span> <span class='ocrx_word' id='word_1_229' title='bbox 1531 2879 1922 2939; x_wconf 89' lang='lat' dir='ltr'>nominitamus</span> <span class='ocrx_word' id='word_1_230' title='bbox 1938 2922 1958 2957; x_wconf 91' lang='lat'>,</span> 
     </span>
     <span class='ocr_line' id='line_1_34' title="bbox 344 2961 1771 3044; baseline 0.001 -23"><span class='ocrx_word' id='word_1_231' title='bbox 344 2961 442 3023; x_wconf 80' lang='lat' dir='ltr'>vel</span> <span class='ocrx_word' id='word_1_232' title='bbox 463 2965 793 3027; x_wconf 85' lang='lat' dir='ltr'>manifestas</span> <span class='ocrx_word' id='word_1_233' title='bbox 815 2983 913 3027; x_wconf 90' lang='lat' dir='ltr'>res</span> <span class='ocrx_word' id='word_1_234' title='bbox 942 2975 1140 3026; x_wconf 87' lang='lat' dir='ltr'>contra</span> <span class='ocrx_word' id='word_1_235' title='bbox 1161 2983 1446 3044; x_wconf 83' lang='lat' dir='ltr'>verasque</span> <span class='ocrx_word' id='word_1_236' title='bbox 1470 2972 1771 3043; x_wconf 86' lang='lat' dir='ltr'>repugnat.</span> 
     </span>
     <span class='ocr_line' id='line_1_35' title="bbox 348 3046 1943 3131; baseline 0.001 -26"><span class='ocrx_word' id='word_1_237' title='bbox 348 3046 485 3125; x_wconf 90' lang='lat' dir='ltr'>quid</span> <span class='ocrx_word' id='word_1_238' title='bbox 506 3050 581 3110; x_wconf 87' lang='lat' dir='ltr'>sit</span> <span class='ocrx_word' id='word_1_239' title='bbox 604 3051 755 3109; x_wconf 91' lang='lat' dir='ltr'>enim</span> <span class='ocrx_word' id='word_1_240' title='bbox 775 3068 987 3131; x_wconf 89' lang='lat' dir='ltr'>corpus</span> <span class='ocrx_word' id='word_1_241' title='bbox 1009 3052 1225 3111; x_wconf 88' lang='lat' dir='ltr'>sentire</span> <span class='ocrx_word' id='word_1_242' title='bbox 1250 3051 1377 3128; x_wconf 89' lang='lat' dir='ltr'>quis</span> <span class='ocrx_word' id='word_1_243' title='bbox 1399 3048 1621 3109; x_wconf 84' lang='lat' dir='ltr'>adferet</span> <span class='ocrx_word' id='word_1_244' title='bbox 1647 3064 1908 3126; x_wconf 88' lang='lat' dir='ltr'>umquam</span> <span class='ocrx_word' id='word_1_245' title='bbox 1923 3090 1943 3125; x_wconf 91' lang='lat'>,</span> 
     </span>
     <span class='ocr_line' id='line_1_36' title="bbox 227 3128 1874 3214; baseline -0.001 -22"><span class='ocrx_word' id='word_1_246' title='bbox 227 3137 320 3192; x_wconf 73' lang='lat'>355</span> <span class='ocrx_word' id='word_1_247' title='bbox 350 3132 399 3192; x_wconf 89' lang='lat' dir='ltr'>si</span> <span class='ocrx_word' id='word_1_248' title='bbox 421 3149 536 3192; x_wconf 92' lang='lat' dir='ltr'>non</span> <span class='ocrx_word' id='word_1_249' title='bbox 559 3133 685 3213; x_wconf 85' lang='lat' dir='ltr'>ipsa</span> <span class='ocrx_word' id='word_1_250' title='bbox 707 3131 893 3214; x_wconf 87' lang='lat' dir='ltr'>palam</span> <span class='ocrx_word' id='word_1_251' title='bbox 924 3133 1077 3212; x_wconf 90' lang='lat' dir='ltr'>quod</span> <span class='ocrx_word' id='word_1_252' title='bbox 1103 3151 1200 3193; x_wconf 92' lang='lat' dir='ltr'>res</span> <span class='ocrx_word' id='word_1_253' title='bbox 1226 3132 1381 3193; x_wconf 88' lang='lat' dir='ltr'>dedit</span> <span class='ocrx_word' id='word_1_254' title='bbox 1409 3151 1479 3192; x_wconf 89' lang='lat' dir='ltr'>ac</span> <span class='ocrx_word' id='word_1_255' title='bbox 1503 3132 1697 3193; x_wconf 89' lang='lat' dir='ltr'>docuit</span> <span class='ocrx_word' id='word_1_256' title='bbox 1724 3128 1874 3192; x_wconf 80' lang='lat' dir='ltr'>nos?</span> 
     </span>
     <span class='ocr_line' id='line_1_37' title="bbox 344 3214 1788 3297; baseline 0 -22"><span class='ocrx_word' id='word_1_257' title='bbox 344 3225 398 3276; x_wconf 93' lang='lat' dir='ltr'>at</span> <span class='ocrx_word' id='word_1_258' title='bbox 431 3214 661 3278; x_wconf 88' lang='lat' dir='ltr'>dimissa</span> <span class='ocrx_word' id='word_1_259' title='bbox 683 3218 861 3278; x_wconf 87' lang='lat' dir='ltr'>anima</span> <span class='ocrx_word' id='word_1_260' title='bbox 888 3235 1099 3297; x_wconf 91' lang='lat' dir='ltr'>corpus</span> <span class='ocrx_word' id='word_1_261' title='bbox 1125 3227 1283 3277; x_wconf 90' lang='lat' dir='ltr'>caret</span> <span class='ocrx_word' id='word_1_262' title='bbox 1310 3217 1559 3296; x_wconf 88' lang='lat' dir='ltr'>undique</span> <span class='ocrx_word' id='word_1_263' title='bbox 1584 3235 1788 3277; x_wconf 89' lang='lat' dir='ltr'>sensu:</span> 
     </span>
     <span class='ocr_line' id='line_1_38' title="bbox 343 3291 1942 3381; baseline -0.002 -22"><span class='ocrx_word' id='word_1_264' title='bbox 343 3299 532 3379; x_wconf 88' lang='lat' dir='ltr'>perdit</span> <span class='ocrx_word' id='word_1_265' title='bbox 556 3302 707 3360; x_wconf 86' lang='lat' dir='ltr'>enim</span> <span class='ocrx_word' id='word_1_266' title='bbox 729 3301 882 3380; x_wconf 88' lang='lat' dir='ltr'>quod</span> <span class='ocrx_word' id='word_1_267' title='bbox 903 3319 1018 3363; x_wconf 90' lang='lat' dir='ltr'>non</span> <span class='ocrx_word' id='word_1_268' title='bbox 1045 3303 1339 3381; x_wconf 89' lang='lat' dir='ltr'>proprium</span> <span class='ocrx_word' id='word_1_269' title='bbox 1359 3300 1464 3361; x_wconf 84' lang='lat' dir='ltr'>fuit</span> <span class='ocrx_word' id='word_1_270' title='bbox 1487 3300 1609 3360; x_wconf 88' lang='lat' dir='ltr'>eius</span> <span class='ocrx_word' id='word_1_271' title='bbox 1639 3302 1695 3358; x_wconf 88' lang='lat' dir='ltr'>in</span> <span class='ocrx_word' id='word_1_272' title='bbox 1716 3315 1881 3359; x_wconf 84' lang='lat' dir='ltr'>aevo.</span> <span class='ocrx_word' id='word_1_273' title='bbox 1930 3291 1942 3308; x_wconf 67' lang='lat'>⁸</span> 
     </span>
     <span class='ocr_line' id='line_1_39' title="bbox 345 3379 1870 3468; baseline -0.003 -25"><span class='ocrx_word' id='word_1_274' title='bbox 345 3382 658 3465; x_wconf 87' lang='lat' dir='ltr'>[multaque</span> <span class='ocrx_word' id='word_1_275' title='bbox 681 3395 982 3468; x_wconf 86' lang='lat' dir='ltr'>praeterea</span> <span class='ocrx_word' id='word_1_276' title='bbox 1006 3384 1195 3466; x_wconf 89' lang='lat' dir='ltr'>perdit</span> <span class='ocrx_word' id='word_1_277' title='bbox 1221 3402 1345 3447; x_wconf 87' lang='lat' dir='ltr'>cum</span> <span class='ocrx_word' id='word_1_278' title='bbox 1370 3380 1681 3464; x_wconf 86' lang='lat' dir='ltr'>expellitur</span> <span class='ocrx_word' id='word_1_279' title='bbox 1699 3379 1870 3455; x_wconf 81' lang='lat' dir='ltr'>aevo]</span> 
     </span>
    </p>
   </div>
   <div class='ocr_carea' id='block_1_3' title="bbox 2106 105 2187 175">
    <p class='ocr_par' dir='ltr' id='par_1_3' title="bbox 2106 105 2187 175">
     <span class='ocr_line' id='line_1_40' title="bbox 2106 105 2187 175; baseline 0.049 -4"><span class='ocrx_word' id='word_1_280' title='bbox 2106 105 2187 175; x_wconf 74' lang='lat'>71</span> 
     </span>
    </p>
   </div>
  </div>
 </body>
</html>
