2409 3825
315 161 402 227 20
999 174 1066 220 v.
1128 172 1367 223 emon.
1411 160 1470 219 2j
1504 168 1553 221 s.

244 313 288 378 2
489 304 633 375 Tali
674 307 867 374 modo
893 305 1183 374 custodia
1221 306 1530 372 liberatus
1560 304 1792 372 Cimon
1835 306 2130 372 celeriter
2163 306 2248 372 ad

322 394 754 480 principatum
795 392 1106 478 pervenit.
1189 390 1471 456 habebat
1521 390 1694 456 enim
1747 391 1902 456 satis
1944 390 2249 474 eloquen-

321 480 471 564 fiae,
503 492 817 544 summam
835 476 1307 559 liberalitatem,
1336 493 1635 560 magnam
1663 474 2071 558 prudentiam
2103 478 2254 540 cum

321 563 482 628 iuris
536 562 745 627 civilis
796 564 936 625 tum
987 561 1081 625 rei
1146 559 1471 643 militaris,
1539 558 1712 642 quod
1775 580 1920 625 cum
1970 562 2157 643 patre
2211 582 2253 622 a

323 668 524 732 puero
568 648 641 711 111
682 645 1065 711 exercitibus
1120 643 1334 709 fuerat
1384 647 1689 708 versatus.
1771 643 1989 728 itaque
2030 641 2142 708 bic
2185 647 2255 707 et
2369 672 2370 689 ι

324 731 637 816 populum
687 730 1005 795 urbanum
1055 728 1127 794 in
1181 749 1298 793 sua
1338 727 1551 792 tenuit
1599 730 1917 812 potestate
1970 733 2039 792 et
2078 727 2256 812 apud

224 879 235 884 -
265 828 298 876 2
330 815 677 881 exercit-mn
718 813 1068 899 plurimum
1109 811 1316 876 valuit
1342 811 1737 877 auctoritate.
1810 811 2091 896 primum
2134 812 2258 876 im·

323 902 585 984 perator
626 896 798 982 apud
839 897 1077 962 flumen
1122 894 1467 980 Strymona
1503 914 1771 981 magnas
1804 896 2021 980 copias
2048 894 2260 961 Thra·

328 1002 476 1048 cum
515 982 798 1068 fugavit,
845 981 1151 1066 oppidum
1179 979 1626 1065 Amphipolim
1669 980 2003 1046 constituit
2044 1001 2259 1064 eoque

326 1067 544 1133 decem
584 1066 764 1131 milia
804 1065 1299 1131 Atheniensium
1342 1065 1413 1128 in
1456 1065 1775 1129 coloniam
1803 1064 1995 1130 misit.
2076 1063 2261 1128 idem

330 1152 566 1216 iterum
607 1149 778 1235 apud
818 1149 1113 1233 Mycalen
1156 1147 1539 1232 Cypriorum
1594 1152 1661 1213 et
1697 1148 2095 1213 Phoenicum
2141 1148 2262 1212 du-

269 1246 304 1295 3
333 1237 662 1300 centarum
700 1235 966 1300 navium
1008 1232 1273 1299 classem
1336 1232 1650 1298 devictam
1692 1232 1862 1317 cepit
1903 1231 2261 1316 eodemque

329 1318 432 1383 die
473 1319 614 1467 {ari
652 1318 916 1384 fortuna
955 1318 1026 1382 in
1047 1322 1241 1415 ’terra
1280 1338 1433 1381 usus
1476 1320 1590 1382 est.
1662 1337 1938 1415 namque
1966 1315 2262 1413 hostium

332 1405 878 1570 ῗέιῖαξὲωᾙῖῖ
916 1405 1267 1550 mm
1293 1399 2264 1583 vfflnss‘fflsssspssffi}

272 1582 308 1631 4
336 1570 448 1637 vit.
523 1593 651 1655 qua
678 1570 947 1636 victoria
987 1590 1224 1666 magna
1264 1568 1501 1653 praeda
1573 1572 1771 1634 otitus
1803 1590 1948 1634 cum
1990 1568 2262 1634 domum

332 1656 790 1739 reverteretur,
866 1653 1037 1739 quod
1102 1675 1233 1718 iam
1286 1674 1470 1718 nonn
1691 1654 1793 1718 ins
1863 1674 1937 1717 ae
1987 1657 2264 1737 propter

334 1739 747 1804 acerbitatem
800 1737 1054 1823 imperii
1096 1736 1488 1821 defecerant,
1542 1737 1707 1802 bene
1749 1737 2061 1803 animatas
2103 1760 2263 1802 con·

276 1837 311 1886 5
339 1823 645 1905 firmavit,
689 1823 999 1903 alienatas
1039 1820 1121 1886 ad
1163 1821 1449 1886 officium
1500 1820 1704 1885 redire
1769 1821 1995 1908 coegit.
2104 1818 2264 1906 Scy·

333 1929 478 1971 rum
490 1958 509 1991 ,
566 1929 759 1991 quam
813 1927 889 1975 eo
944 1910 1234 1990 tempore
1286 1904 1572 1991 Dolopes
1629 1904 2026 1989 incolebant,
2080 1906 2263 1990 quod
2379 1943 2380 1946 =

334 1992 772 2056 contumacius
800 2013 868 2056 se
896 1994 1244 2089 gesserant,
1289 1990 1659 2073 vacuefecit,
1702 2011 1978 2057 sessores
2007 1994 2261 2056 veteres

336 2075 493 2140 urbe
535 2075 872 2158 insulaque
917 2076 1120 2159 elecit,
1162 2095 1355 2159 agros
1398 2074 1643 2139 civibus
1679 2074 1910 2141 divisit.
1983 2072 2261 2140 Thasios
2379 2083 2380 2090 ’

337 2158 669 2256 opulentia
706 2159 908 2224 fretos
952 2179 1068 2224 suo
1126 2158 1406 2224 adventu
1446 2158 1660 2257 fregit:
1704 2244 1718 2257 ·
1744 2159 1848 2224 bis
1903 2179 1982 2224 ex
2028 2180 2263 2256 manu·

336 2243 630 2391 gffiatzn
683 2241 1117 2328 Athenarum,
1183 2264 1313 2327 qua
1364 2241 1446 2308 ad
1496 2242 1825 2309 mend1em
1865 2247 2104 2328 vergit,
2159 2247 2265 2310 est

264 2408 306 2472 3
340 2471 347 2482 ,
513 2408 757 2486 Quibus
800 2411 1007 2477 rebus.
1068 2433 1110 2475 u
1220 2433 1387 2476 unus
1431 2412 1501 2476 in
1544 2411 1799 2477 civitate
1827 2412 2101 2477 maxime
2141 2412 2262 2477 flo-

337 2499 531 2577 reret,
576 2495 804 2560 incidit
844 2497 915 2560 in
969 2432 1235 2560 eafflm
1285 2495 1593 2560 invidiam
1647 2517 1838 2580 quam
1878 2498 2063 2581 pater
2103 2518 2261 2563 suus

340 2581 659 2664 ceterique
733 2579 1228 2645 Atheniensium
1291 2579 1641 2665 principes:
1722 2589 1875 2645 nam
1947 2583 2262 2647 testarum

340 2664 659 2749 suffragiis
703 2662 899 2751 [quod
926 2664 1023 2727 illi
1071 2664 1483 2743 ὀετρακιεμόν
1512 2665 1765 2750 vocant]
1813 2664 2029 2730 decem
2059 2686 2262 2730 anno·

279 2759 311 2807 2
340 2771 485 2847 rum
526 2747 718 2813 exilio
759 2748 1066 2846 multatus
1108 2750 1223 2811 est.
1286 2830 1302 2845 ‘
1333 2748 1512 2844 cuius
1553 2747 1709 2813 facti
1751 2748 2016 2847 celerius
2059 2748 2261 2847 Athe-

337 2853 525 2982 533?
527 2853 830 3013 {31¹3ss
859 2834 1862 3014 ffifflaffifflsssssssffi
1886 2833 2261 3002 &3133ss

341 2999 827 3066 Lacedaemonn
878 2998 1383 3064 Atheniensibus
1444 2999 1854 3085 mdnussent,
1918 3002 2261 3068 confestim

242 3097 257 3107 “
278 3095 313 3142 8
342 3088 534 3150 notae
564 3084 700 3148 eius
727 3083 984 3148 virtutis
1012 3081 1395 3149 desiderium
1423 3088 1834 3151 consecutum
1862 3089 1976 3150 est.
2040 3087 2262 3172 itaque

340 3171 491 3249 post
517 3188 757 3231 annum
788 3166 1102 3252 quintum,
1148 3189 1342 3251 quam
1372 3168 1670 3266 expulsus
1703 3172 1856 3254 erat,
1886 3169 1957 3233 in
1982 3172 2262 3254 patriam

341 3252 672 3313 revocatus
715 3254 829 3314 est.
870 3250 1030 3335 xille,
1072 3251 1252 3349 quod
1290 3250 1573 3335 hospitio
1608 3250 2261 3320 Lacedaemoniorum

341 3328 666 3411 utebatur,
741 3334 939 3398 satius
1005 3334 1377 3400 existimans
1430 3338 1750 3402 concedere
1799 3357 1994 3419 quam
2061 3342 2264 3405 amis

346 3411 746 3498 contendere,
790 3414 1335 3484 Lacedaemonem
1378 3441 1491 3484 sua
1523 3425 1752 3503 sponte
1796 3425 1892 3486 est
1932 3422 2263 3506 profectus
