2409 3825
313 201 396 262 92
1269 198 1352 258 lv

418 385 424 392 ·
491 382 552 432 ut
573 388 880 451 puerorum
901 380 1058 444 aetas
1081 369 1377 448 inprovida
1407 368 1733 429 ludificetur

387 468 451 518 15
482 454 769 515 labrorum
791 464 958 515 tenus
976 500 994 532 ,
1019 457 1239 516 interea
1263 462 1535 533 perpotet
1558 470 1802 513 amarum

484 538 726 599 absinthi
748 537 1007 615 laticem,
1034 537 1395 617 deceptaque
1418 555 1532 597 non
1562 540 1848 616 capiatur,

485 622 590 682 sed
613 624 801 703 potius
826 622 923 682 tali
949 632 1119 701 pacto
1142 631 1402 682 recreata
1422 619 1712 698 valescat,

486 707 573 767 sic
598 725 712 784 ego
734 724 882 766 nunc
898 752 916 784 ,
943 707 1203 783 quoniam
1225 705 1372 765 haec
1390 707 1532 766 ratio
1555 703 1893 786 plerumque
1916 705 2159 767 videtur

484 792 703 851 tristior
725 808 859 849 esse
885 789 1088 867 quibus
1114 806 1230 848 non
1253 798 1343 849 est
1365 796 1635 865 tractata,
1661 796 1934 866 retroque

382 885 453 936 20
483 873 690 951 volgus
716 872 985 933 abhorret
1005 871 1076 932 ab
1100 872 1208 933 hac
1225 919 1243 950 ,
1269 872 1427 933 volui
1452 872 1552 932 tibi
1577 871 1994 950 suaviloquenti

488 959 731 1017 carmine
754 956 940 1016 Pierio
961 958 1235 1017 rationem
1270 973 1565 1035 exponere
1587 965 1835 1015 nostram

486 1050 543 1101 et
567 1043 726 1119 quasi
751 1057 984 1101 musaeo
1007 1038 1159 1100 dulci
1185 1043 1520 1117 contingere
1543 1039 1746 1108 melle;

486 1127 533 1184 si
556 1125 658 1184 tibi
679 1124 828 1185 forte
851 1126 1090 1184 animum
1110 1122 1208 1183 tali
1230 1127 1449 1184 ratione
1472 1133 1673 1184 tenere

484 1209 747 1268 versibus
769 1210 825 1267 in
847 1211 1057 1268 nostris
1078 1225 1344 1286 possem,
1372 1208 1502 1267 dum
1521 1207 1777 1287 percipis
1802 1222 2027 1266 omnem

389 1303 457 1354 25
486 1301 735 1351 naturam
757 1309 944 1352 rerum
965 1310 1033 1352 ac
1056 1294 1344 1370 persentis
1367 1291 1681 1352 utilitatem.
1716 1287 1742 1372 Η

426 1383 434 1389 ’
569 1377 763 1453 Atque
786 1377 950 1434 animi
974 1378 1236 1453 quoniam
1259 1374 1427 1436 docui
1452 1383 1646 1436 natura
1671 1375 1804 1454 quid
1829 1383 1988 1433 esset
2020 1426 2025 1429 .
2128 1402 2133 1406 ·

487 1470 545 1520 et
570 1460 773 1537 quibus
798 1479 831 1519 e
854 1460 1029 1519 rebus
1055 1477 1182 1518 cum
1208 1476 1454 1538 corpore
1480 1468 1706 1537 compta
1727 1461 1954 1536 vigeret

488 1561 676 1623 quove
699 1543 868 1603 modo
892 1543 1159 1603 distracta
1181 1543 1395 1604 rediret
1417 1545 1474 1602 in
1498 1543 1652 1602 ordia
1684 1545 1860 1622 prima
1875 1587 1893 1618 ‚

486 1647 636 1687 nunc
658 1646 834 1706 agere
857 1629 1121 1706 incipiam
1143 1626 1247 1686 tihi
1262 1672 1280 1703 ‚
1309 1626 1461 1704 quod
1482 1638 1777 1687 vementer
1806 1625 1876 1685 ad
1898 1625 2000 1686 has
2026 1645 2131 1688 res

392 1720 463 1774 30
491 1714 721 1790 attinet,
748 1731 884 1772 esse
908 1729 976 1771 ea
997 1728 1142 1790 quae
1166 1729 1355 1771 rerum
1379 1709 1679 1771 simulacra
1701 1714 2000 1779 vocamus3

489 1815 665 1874 quae,
691 1797 852 1875 quasi
875 1795 1235 1856 membranae
1259 1784 1474 1854 sumffio
1499 1787 1572 1854 de
1604 1794 1851 1873 corpore
1875 1812 2066 1854 rerum

488 1880 796 1960 dereptae3
817 1878 1054 1940 volitant
1076 1877 1342 1957 ultroque
1369 1880 1629 1957 citroque
1659 1897 1767 1959 per
1788 1895 1982 1957 auras,

484 1973 654 2041 atque
680 1961 878 2023 eadem
897 1963 1062 2023 nobis
1090 1963 1454 2041 vigilantibus
1479 1964 1645 2023 obvia
1668 1973 1887 2023 mentes

487 2046 792 2107 terrificant
816 2056 985 2125 atque
1007 2048 1064 2106 in
1086 2050 1298 2108 somnis
1314 2093 1331 2124 ‚
1366 2066 1493 2107 cum
1515 2066 1692 2128 saepe
1719 2049 1926 2125 figuras

384 2139 452 2192 35
490 2133 802 2190 contuimur
823 2133 989 2190 miras
1015 2130 1429 2209 simulacraque
1452 2130 1585 2191 luce
1610 2142 1930 2208 carentum,

488 2232 632 2291 quae
654 2232 759 2273 nos
782 2214 1046 2275 horrifice
1071 2214 1392 2292 languentis
1415 2233 1600 2294 saepe
1616 2232 1829 2294 sopore

487 2299 807 2366 excierunt;
831 2317 903 2358 ne
925 2299 1075 2358 forte
1097 2301 1306 2360 animas
1329 2298 1660 2359 Acherunte
1681 2316 1904 2359 reamur

487 2381 746 2459 effugere
770 2392 863 2441 aut
885 2382 1108 2443 umbras
1130 2385 1280 2443 inter
1301 2385 1465 2443 vivos
1487 2382 1727 2444 volitare
1744 2429 1763 2460 ‚

489 2485 637 2534 neve
659 2465 870 2544 aliquid
890 2468 1070 2527 nostri
1092 2476 1226 2545 post
1248 2476 1487 2526 mortem
1511 2484 1689 2545 posse
1721 2465 2001 2544 relinqui,

389 2560 459 2613 40
496 2568 622 2609 cum
647 2568 856 2629 corpus
880 2549 1238 2629 simulatque
1263 2552 1426 2609 animi
1450 2561 1643 2611 natura
1667 2558 1967 2629 perempta

485 2637 539 2693 in
566 2652 666 2694 sua
690 2634 1008 2696 discessum
1031 2634 1289 2695 dederint
1311 2634 1612 2713 primordia
1636 2636 1861 2712 cuique.

566 2717 714 2779 Dico
737 2720 908 2797 igitur
927 2736 1115 2779 rerum
1138 2718 1360 2795 effigias
1385 2720 1688 2796 tenuisque
1713 2719 1921 2795 figuras

483 2805 694 2863 mittier
715 2804 785 2862 ab
811 2804 983 2862 rebus
1002 2848 1020 2879 ‚
1047 2819 1264 2862 summo
1289 2803 1361 2862 de
1387 2819 1632 2881 corpore
1654 2821 1841 2862 rerum
1857 2847 1874 2877 ,

483 2905 628 2966 quae
654 2889 812 2965 quasi
833 2886 1189 2946 membranae
1213 2885 1309 2946 vel
1336 2895 1536 2946 cortex
1555 2884 1985 2945 nominitandast
2001 2931 2020 2962 ,

382 2979 449 3032 45
481 2968 633 3049 quod
656 2972 914 3050 speciem
939 2988 1007 3029 ac
1030 2969 1267 3030 formam
1291 2969 1532 3030 similem
1557 2972 1707 3047 gerit
1730 2971 1853 3030 eius
1877 2971 2099 3049 image,

482 3056 891 3133 cuiuscumque
922 3053 1078 3114 cluet
1101 3053 1174 3113 de
1200 3069 1447 3131 corpore
1471 3053 1597 3114 fusa
1617 3054 1828 3131 vagari.

478 3139 534 3198 id
557 3138 697 3198 licet
718 3138 848 3198 hinc
874 3140 1126 3217 quamvis
1149 3136 1346 3198 hebeti
1370 3154 1733 3215 cognoscere
1759 3136 1953 3196 corde.

482 3220 611 3301 [sed
636 3223 897 3299 quoniam
921 3220 1090 3282 docui
1115 3230 1443 3281 cunctarum
1471 3220 1702 3282 exordia
1724 3238 1915 3280 rerum

479 3303 665 3383 qualia
687 3306 798 3365 sint
823 3314 881 3364 et
906 3323 1071 3383 quam
1089 3307 1262 3364 variis
1289 3305 1549 3366 distantia
1571 3304 1768 3365 formis

381 3402 449 3450 50
480 3396 690 3465 sponte
713 3406 813 3448 sua
835 3388 1075 3447 volitent
1097 3387 1316 3449 alterno
1341 3391 1560 3466 percita
1578 3397 1732 3447 motu

479 3471 709 3549 quoque
730 3471 899 3530 modo
922 3473 1107 3549 possit
1128 3489 1225 3531 res
1251 3490 1326 3531 ex
1348 3470 1435 3531 his
1462 3489 1722 3550 quaeque
1749 3473 1954 3549 creari]
