2409 3825
1059 153 1113 214 11
1999 153 2140 229 45,

235 330 388 388 inter
409 345 480 388 se
504 322 672 386 simili
696 340 841 401 quae
865 331 994 382 sunt
1018 321 1280 400 perfecta
1305 322 1512 400 figura,

104 421 214 477 525
235 412 452 471 infinita
474 408 691 469 cluere.
732 408 941 467 etenim
965 405 1224 465 distantia
1248 423 1375 465 cnm
1398 408 1473 466 sit

239 496 549 556 formarum
572 492 724 551 finita
741 537 758 568 ,
781 508 1031 549 necesse
1057 497 1148 550 est
1170 507 1317 568 quae
1340 489 1560 551 similes
1582 490 1696 551 sint

242 598 381 640 esse
403 577 646 636 infinitas
664 621 681 652 ,
705 583 798 634 aut
823 590 1091 633 summam
1112 574 1362 633 materiai

241 664 451 723 finitam
475 668 739 719 constare
759 703 777 733 ‚
803 656 861 716 id
884 656 1035 734 quod
1062 673 1175 715 non
1198 674 1334 716 esse
1357 658 1614 736 probavi.
1643 656 1673 739 Π

1063 826 1095 855 ψ

243 993 511 1054 versibus
541 991 833 1052 ostendam
857 989 1198 1069 corpuscula
1220 991 1468 1053 materiai

109 1087 220 1141 ⁵30
239 1096 318 1139 ex
337 1078 554 1136 infinito
581 1093 847 1135 summam
873 1093 1060 1135 rerum
1089 1092 1273 1153 usque
1295 1083 1529 1151 tenere,

243 1161 496 1238 undique
521 1158 751 1239 protelo
779 1158 1074 1237 plagarum
1100 1162 1443 1219 continuato.

242 1262 373 1304 nam
399 1244 552 1323 quod
574 1260 701 1301 rara
719 1243 884 1303 vides
906 1243 1084 1320 magis
1110 1261 1247 1303 esse
1270 1239 1528 1302 animalia
1546 1241 1822 1322 quaedam
1836 1287 1856 1322 ,

246 1325 665 1405 fecundamque
686 1329 868 1386 minus
893 1336 1142 1386 naturam
1166 1327 1355 1387 cernis
1377 1325 1570 1387 inillis
1588 1371 1607 1404 ‚

245 1421 303 1471 at
322 1413 563 1489 regione
580 1411 840 1489 «locoque
863 1410 974 1470 alio
997 1413 1284 1490 terrisque
1310 1412 1546 1473 remotis

113 1505 221 1559 535
244 1495 418 1555 multa
439 1494 578 1554 licet
601 1512 816 1572 genere
840 1512 976 1555 esse
998 1497 1054 1553 in
1076 1511 1150 1555 eo
1172 1512 1578 1573 numerumque
1599 1492 1846 1573 repleri:

247 1582 398 1640 sicut
422 1576 829 1656 quadripedum
850 1596 979 1637 cnm
1002 1582 1196 1657 primis
1220 1598 1356 1639 esse
1377 1579 1635 1638 videmus

245 1665 303 1721 in
325 1679 542 1740 genere
566 1663 927 1739 anguimanus
953 1662 1291 1741 elephantos
1309 1707 1327 1739 ‚
1359 1660 1512 1721 India
1541 1677 1778 1739 qnorum

247 1745 474 1806 milibus
505 1764 538 1804 e
563 1746 751 1805 multis
772 1745 926 1805 vallo
947 1747 1190 1805 munitur
1209 1746 1431 1806 eburno
1445 1790 1463 1823 ,

245 1840 306 1889 ut
328 1832 555 1910 penitus
581 1838 827 1908 nequeat
848 1832 1163 1908 penetrari:
1186 1838 1337 1890 tanta
1355 1829 1604 1889 ferarum

112 1924 224 1979 540
249 1918 339 1975 vis
365 1924 487 1983 est;
512 1932 743 1993 quarum
763 1931 868 2004 nos
891 1932 1178 1993 perpauca
1201 1913 1465 1993 exempla
1486 1912 1763 1974 videmus.

245 1999 352 2061 sed
375 2008 563 2059 tamen
587 1998 894 2077 id‘quoque
918 2000 997 2058 uti
1022 1998 1364 2075 concedam,
1393 1996 1740 2077 quemlubet
1764 2004 1915 2065 esto,
1981 2002 1988 2009 ’

242 2086 411 2143 unica
434 2100 532 2142 res
558 2082 831 2160 quaedam
858 2083 1049 2142 nativo
1075 2099 1324 2162 corpore
1347 2080 1471 2143 sola
1488 2127 1506 2159 ‚

247 2170 340 2227 cui
365 2165 565 2226 similis
588 2175 711 2225 toto
736 2175 1010 2226 terrarum
1032 2167 1201 2227 nulla
1224 2168 1298 2227 sit
1320 2167 1478 2227 orbi:

244 2252 458 2310 infinita
481 2258 666 2309 tamen
690 2252 799 2310 nisi
823 2252 931 2309 erit
952 2250 1040 2310 vis
1062 2252 1348 2328 materiai,

11 2385 23 2412 ,
113 2343 219 2397 545
243 2334 396 2395 unde
421 2351 491 2393 ea
514 2335 779 2412 progigni
800 2336 988 2414 possit
1008 2344 1294 2414 concepta
1310 2379 1328 2411 ‚
1356 2336 1537 2395 ereari

243 2436 357 2477 non
381 2420 626 2495 poterit,
650 2436 840 2498 neque
857 2465 874 2496 ,
902 2418 1056 2498 quod
1082 2428 1383 2497 superest,
1415 2433 1799 2497 procrescere
1818 2412 2029 2494 al³que‚

248 2503 464 2581 quippe
491 2503 700 2561 etenim
722 2504 771 2562 si
793 2501 1127 2562 manticuier
1148 2504 1299 2586 linita
1320 2520 1428 2581 per
1450 2519 1615 2563 omne

250 2602 496 2663 corpora
517 2586 712 2644 iactari
735 2589 898 2645 unius
923 2585 1188 2663 genitalia
1210 2588 1328 2664 rei,

244 2668 396 2727 unde
420 2669 515 2728 uhi
537 2686 646 2746 qua
667 2662 723 2727 vi
746 2679 805 2729 et
836 2687 950 2747 quo
974 2680 1143 2748 pacto
1169 2684 1485 2746 congressa
1507 2666 1741 2727 coibunt

115 2761 222 2815 550
242 2754 512 2811 materiae
537 2761 690 2812 tanto
713 2755 771 2811 in
793 2752 1004 2830 pelago
1031 2754 1309 2832 turbaque
1333 2746 1556 2812 aliena?

244 2852 357 2896 non
374 2882 393 2912 ‚
417 2844 480 2895 ut
503 2837 707 2914 opinor
723 2882 741 2914 ‚
769 2836 981 2897 hahent
1000 2839 1277 2897 rationem
1301 2832 1670 2896 conciliandi:

247 2918 350 2978 sed
376 2920 538 2997 quasi
560 2919 865 2997 naufragiis
892 2921 1109 2998 magnis
1132 2919 1439 2999 multisque
1463 2918 1678 2979 coortis

247 3002 557 3062 disiectare
581 3001 733 3063 solet
755 3021 1015 3081 magnum
1034 3021 1189 3064 mare
1211 3013 1451 3064 transtra
1468 3048 1486 3080 ‚
1513 3001 1803 3080 gubema,

245 3095 534 3145 antemnas
552 3131 570 3163 ‚
593 3104 818 3165 proram
834 3133 851 3163 ,
878 3086 1059 3148 malos
1077 3133 1095 3164 ,
1127 3096 1439 3166 tonsasque
1461 3085 1735 3163 natantis,

120 3178 223 3231 555
249 3187 357 3248 per
379 3177 655 3228 terrarum
679 3172 859 3230 omnis
885 3188 1013 3232 oras
1039 3170 1309 3231 fluitantia
1330 3169 1581 3249 aplustra

248 3262 307 3311 ut
328 3250 626 3311 videantur
648 3262 708 3312 et
730 3254 993 3313 indicium
1014 3253 1345 3314 mortalibus
1369 3253 1571 3331 edant,

247 3334 398 3394 infidi
422 3336 590 3398 maris
613 3335 843 3396 insidias
864 3340 1116 3415 virisque
1138 3335 1443 3415 dolumque

251 3427 309 3477 ut
334 3419 513 3478 vitare
536 3418 744 3496 velint,
768 3438 917 3480 neve
943 3420 1062 3478 ullo
1084 3429 1347 3497 tempore
1371 3418 1639 3491 credant,
