<?xml version="1.0" encoding="UTF-8"?>
<!DOCTYPE html PUBLIC "-//W3C//DTD XHTML 1.0 Transitional//EN"
    "http://www.w3.org/TR/xhtml1/DTD/xhtml1-transitional.dtd">
<html xmlns="http://www.w3.org/1999/xhtml" xml:lang="en" lang="en">
 <head>
  <title>
</title>
<meta http-equiv="Content-Type" content="text/html;charset=utf-8" />
  <meta name='ocr-system' content='tesseract 3.04.00' />
  <meta name='ocr-capabilities' content='ocr_page ocr_carea ocr_par ocr_line ocrx_word'/>
</head>
<body>
  <div class='ocr_page' id='page_1' title='image "./tlucreticarider01unkngoog_0045.png"; bbox 0 0 2409 3825; ppageno 0'>
   <div class='ocr_carea' id='block_1_1' title="bbox 1134 186 1163 249">
    <p class='ocr_par' dir='ltr' id='par_1_1' title="bbox 1134 186 1163 249">
     <span class='ocr_line' id='line_1_1' title="bbox 1134 186 1163 249; baseline 0 0"><span class='ocrx_word' id='word_1_1' title='bbox 1134 186 1163 249; x_wconf 95' lang='lat'>1</span> 
     </span>
    </p>
   </div>
   <div class='ocr_carea' id='block_1_2' title="bbox 168 354 2026 3544">
    <p class='ocr_par' dir='ltr' id='par_1_2' title="bbox 168 354 2026 3544">
     <span class='ocr_line' id='line_1_2' title="bbox 305 354 1735 436; baseline 0 -18"><span class='ocrx_word' id='word_1_2' title='bbox 305 359 455 418; x_wconf 86' lang='lat' dir='ltr'><strong>inter</strong></span> <span class='ocrx_word' id='word_1_3' title='bbox 477 376 546 418; x_wconf 89' lang='lat' dir='ltr'><strong>se</strong></span> <span class='ocrx_word' id='word_1_4' title='bbox 561 402 580 432; x_wconf 84' lang='lat'>,</span> <span class='ocrx_word' id='word_1_5' title='bbox 602 354 804 415; x_wconf 86' lang='lat' dir='ltr'><strong>validis</strong></span> <span class='ocrx_word' id='word_1_6' title='bbox 830 355 1024 415; x_wconf 79' lang='lat' dir='ltr'><strong>facere</strong></span> <span class='ocrx_word' id='word_1_7' title='bbox 1046 354 1104 414; x_wconf 91' lang='lat' dir='ltr'><strong>id</strong></span> <span class='ocrx_word' id='word_1_8' title='bbox 1129 356 1469 433; x_wconf 77' lang='lat' dir='ltr'>cogentibus</span> <span class='ocrx_word' id='word_1_9' title='bbox 1494 359 1696 418; x_wconf 89' lang='lat' dir='ltr'><strong>austris</strong></span> <span class='ocrx_word' id='word_1_10' title='bbox 1713 400 1735 436; x_wconf 87' lang='lat'>‚</span> 
     </span>
     <span class='ocr_line' id='line_1_3' title="bbox 168 438 1504 507; baseline -0.002 -7"><span class='ocrx_word' id='word_1_11' title='bbox 168 452 288 507; x_wconf 86' lang='grc'><strong>900</strong></span> <span class='ocrx_word' id='word_1_12' title='bbox 314 440 501 501; x_wconf 89' lang='lat' dir='ltr'><strong>donec</strong></span> <span class='ocrx_word' id='word_1_13' title='bbox 526 439 762 499; x_wconf 85' lang='lat' dir='ltr'><strong>flammai</strong></span> <span class='ocrx_word' id='word_1_14' title='bbox 789 438 1072 499; x_wconf 82' lang='lat' dir='ltr'><strong>fulserunt</strong></span> <span class='ocrx_word' id='word_1_15' title='bbox 1095 439 1238 499; x_wconf 86' lang='lat' dir='ltr'><strong>flore</strong></span> <span class='ocrx_word' id='word_1_16' title='bbox 1265 442 1504 499; x_wconf 85' lang='lat' dir='ltr'><strong>coortu.&#39;</strong></span> 
     </span>
     <span class='ocr_line' id='line_1_4' title="bbox 310 522 1771 605; baseline -0.001 -18"><span class='ocrx_word' id='word_1_17' title='bbox 310 523 574 601; x_wconf 82' lang='lat' dir='ltr'><strong>scilicet,</strong></span> <span class='ocrx_word' id='word_1_18' title='bbox 602 532 662 583; x_wconf 85' lang='lat' dir='ltr'><strong>et</strong></span> <span class='ocrx_word' id='word_1_19' title='bbox 684 541 797 583; x_wconf 91' lang='lat' dir='ltr'><strong>non</strong></span> <span class='ocrx_word' id='word_1_20' title='bbox 822 532 911 583; x_wconf 87' lang='lat' dir='ltr'><strong>est</strong></span> <span class='ocrx_word' id='word_1_21' title='bbox 936 522 1106 601; x_wconf 88' lang='lat' dir='ltr'><strong>lignis</strong></span> <span class='ocrx_word' id='word_1_22' title='bbox 1137 532 1324 583; x_wconf 89' lang='lat' dir='ltr'><strong>tamen</strong></span> <span class='ocrx_word' id='word_1_23' title='bbox 1351 525 1550 584; x_wconf 82' lang='lat' dir='ltr'><strong>insitus</strong></span> <span class='ocrx_word' id='word_1_24' title='bbox 1579 526 1771 605; x_wconf 87' lang='lat' dir='ltr'><strong>ignis,</strong></span> 
     </span>
     <span class='ocr_line' id='line_1_5' title="bbox 309 605 1635 684; baseline -0.001 -15"><span class='ocrx_word' id='word_1_25' title='bbox 309 627 510 669; x_wconf 82' lang='lat' dir='ltr'><strong>verum</strong></span> <span class='ocrx_word' id='word_1_26' title='bbox 535 608 750 669; x_wconf 89' lang='lat' dir='ltr'><strong>semina</strong></span> <span class='ocrx_word' id='word_1_27' title='bbox 774 616 903 668; x_wconf 85' lang='lat' dir='ltr'><strong>sunt</strong></span> <span class='ocrx_word' id='word_1_28' title='bbox 929 605 1145 667; x_wconf 86' lang='lat' dir='ltr'><strong>ardoris</strong></span> <span class='ocrx_word' id='word_1_29' title='bbox 1170 606 1372 684; x_wconf 83' lang='lat' dir='ltr'><strong>multa,</strong></span> <span class='ocrx_word' id='word_1_30' title='bbox 1397 610 1635 668; x_wconf 79' lang='lat' dir='ltr'><strong>terendo</strong></span> 
     </span>
     <span class='ocr_line' id='line_1_6' title="bbox 312 690 1726 773; baseline 0.004 -22"><span class='ocrx_word' id='word_1_31' title='bbox 312 710 458 773; x_wconf 84' lang='lat' dir='ltr'><strong>quae</strong></span> <span class='ocrx_word' id='word_1_32' title='bbox 487 710 614 752; x_wconf 91' lang='lat' dir='ltr'><strong>cum</strong></span> <span class='ocrx_word' id='word_1_33' title='bbox 641 690 968 751; x_wconf 83' lang='lat' dir='ltr'><strong>confluxere</strong></span> <span class='ocrx_word' id='word_1_34' title='bbox 992 737 1008 767; x_wconf 87' lang='lat'>‚</span> <span class='ocrx_word' id='word_1_35' title='bbox 1038 702 1230 752; x_wconf 86' lang='lat' dir='ltr'><strong>creant</strong></span> <span class='ocrx_word' id='word_1_36' title='bbox 1256 690 1514 753; x_wconf 87' lang='lat' dir='ltr'><strong>incendia</strong></span> <span class='ocrx_word' id='word_1_37' title='bbox 1535 692 1726 756; x_wconf 84' lang='lat' dir='ltr'><strong>silvis:</strong></span> 
     </span>
     <span class='ocr_line' id='line_1_7' title="bbox 312 774 1695 856; baseline 0.001 -21"><span class='ocrx_word' id='word_1_38' title='bbox 312 775 467 856; x_wconf 85' lang='lat' dir='ltr'><strong>quod</strong></span> <span class='ocrx_word' id='word_1_39' title='bbox 489 776 539 836; x_wconf 88' lang='lat' dir='ltr'><strong>si</strong></span> <span class='ocrx_word' id='word_1_40' title='bbox 564 774 713 836; x_wconf 85' lang='lat' dir='ltr'><strong>facta</strong></span> <span class='ocrx_word' id='word_1_41' title='bbox 737 774 885 835; x_wconf 78' lang='lat' dir='ltr'><strong>foret</strong></span> <span class='ocrx_word' id='word_1_42' title='bbox 908 774 1069 835; x_wconf 84' lang='lat' dir='ltr'><strong>silvis</strong></span> <span class='ocrx_word' id='word_1_43' title='bbox 1094 774 1425 836; x_wconf 82' lang='lat' dir='ltr'><strong>abscondita</strong></span> <span class='ocrx_word' id='word_1_44' title='bbox 1447 776 1662 836; x_wconf 86' lang='lat' dir='ltr'><strong>flamma</strong></span> <span class='ocrx_word' id='word_1_45' title='bbox 1677 824 1695 855; x_wconf 84' lang='lat'>‚</span> 
     </span>
     <span class='ocr_line' id='line_1_8' title="bbox 175 857 1628 938; baseline -0.002 -14"><span class='ocrx_word' id='word_1_46' title='bbox 175 870 288 924; x_wconf 81' lang='lat'><strong>905</strong></span> <span class='ocrx_word' id='word_1_47' title='bbox 319 878 433 920; x_wconf 91' lang='lat' dir='ltr'><strong>non</strong></span> <span class='ocrx_word' id='word_1_48' title='bbox 455 867 696 938; x_wconf 81' lang='lat' dir='ltr'><strong>possent</strong></span> <span class='ocrx_word' id='word_1_49' title='bbox 721 858 892 918; x_wconf 88' lang='lat' dir='ltr'><strong>ullum</strong></span> <span class='ocrx_word' id='word_1_50' title='bbox 916 869 1140 938; x_wconf 85' lang='lat' dir='ltr'><strong>tempus</strong></span> <span class='ocrx_word' id='word_1_51' title='bbox 1167 857 1408 919; x_wconf 79' lang='lat' dir='ltr'><strong>celarier</strong></span> <span class='ocrx_word' id='word_1_52' title='bbox 1430 862 1594 938; x_wconf 85' lang='lat' dir='ltr'><strong>ignes</strong></span> <span class='ocrx_word' id='word_1_53' title='bbox 1611 908 1628 937; x_wconf 84' lang='lat'>‚</span> 
     </span>
     <span class='ocr_line' id='line_1_9' title="bbox 316 941 1711 1021; baseline 0 -17"><span class='ocrx_word' id='word_1_54' title='bbox 316 943 670 1004; x_wconf 83' lang='lat' dir='ltr'><strong>conficerent</strong></span> <span class='ocrx_word' id='word_1_55' title='bbox 694 942 867 1021; x_wconf 91' lang='lat' dir='ltr'><strong>volgo</strong></span> <span class='ocrx_word' id='word_1_56' title='bbox 891 941 1065 1003; x_wconf 85' lang='lat' dir='ltr'><strong>silvas</strong></span> <span class='ocrx_word' id='word_1_57' title='bbox 1083 990 1100 1020; x_wconf 83' lang='lat'>,</span> <span class='ocrx_word' id='word_1_58' title='bbox 1127 943 1357 1004; x_wconf 85' lang='lat' dir='ltr'><strong>arbusta</strong></span> <span class='ocrx_word' id='word_1_59' title='bbox 1380 954 1711 1005; x_wconf 80' lang='lat' dir='ltr'><strong>cremarent.</strong></span> 
     </span>
     <span class='ocr_line' id='line_1_10' title="bbox 313 1026 1733 1107; baseline 0.001 -20"><span class='ocrx_word' id='word_1_60' title='bbox 313 1029 497 1088; x_wconf 86' lang='lat' dir='ltr'><strong>iamne</strong></span> <span class='ocrx_word' id='word_1_61' title='bbox 525 1027 687 1087; x_wconf 80' lang='lat' dir='ltr'><strong>vides</strong></span> <span class='ocrx_word' id='word_1_62' title='bbox 709 1028 914 1104; x_wconf 82' lang='lat' dir='ltr'><strong>igitur,</strong></span> <span class='ocrx_word' id='word_1_63' title='bbox 939 1026 1110 1106; x_wconf 89' lang='lat' dir='ltr'><strong>paulo</strong></span> <span class='ocrx_word' id='word_1_64' title='bbox 1135 1027 1287 1106; x_wconf 84' lang='lat' dir='ltr'><strong>quod</strong></span> <span class='ocrx_word' id='word_1_65' title='bbox 1311 1026 1547 1088; x_wconf 79' lang='lat' dir='ltr'>diximus</span> <span class='ocrx_word' id='word_1_66' title='bbox 1572 1039 1697 1089; x_wconf 88' lang='lat' dir='ltr'><strong>ante</strong></span> <span class='ocrx_word' id='word_1_67' title='bbox 1715 1075 1733 1107; x_wconf 81' lang='lat'>‚</span> 
     </span>
     <span class='ocr_line' id='line_1_11' title="bbox 313 1109 1604 1191; baseline 0.001 -20"><span class='ocrx_word' id='word_1_68' title='bbox 313 1113 609 1191; x_wconf 83' lang='lat' dir='ltr'><strong>permagni</strong></span> <span class='ocrx_word' id='word_1_69' title='bbox 630 1111 848 1171; x_wconf 86' lang='lat' dir='ltr'><strong>referre</strong></span> <span class='ocrx_word' id='word_1_70' title='bbox 875 1109 1074 1171; x_wconf 87' lang='lat' dir='ltr'><strong>eadem</strong></span> <span class='ocrx_word' id='word_1_71' title='bbox 1100 1110 1404 1190; x_wconf 88' lang='lat' dir='ltr'><strong>primordia</strong></span> <span class='ocrx_word' id='word_1_72' title='bbox 1429 1130 1604 1191; x_wconf 82' lang='lat' dir='ltr'><strong>saepe</strong></span> 
     </span>
     <span class='ocr_line' id='line_1_12' title="bbox 317 1195 1630 1274; baseline 0.001 -19"><span class='ocrx_word' id='word_1_73' title='bbox 317 1213 445 1255; x_wconf 89' lang='lat' dir='ltr'><strong>cum</strong></span> <span class='ocrx_word' id='word_1_74' title='bbox 470 1195 675 1274; x_wconf 88' lang='lat' dir='ltr'><strong>quibus</strong></span> <span class='ocrx_word' id='word_1_75' title='bbox 701 1205 757 1254; x_wconf 89' lang='lat' dir='ltr'><strong>et</strong></span> <span class='ocrx_word' id='word_1_76' title='bbox 787 1195 935 1274; x_wconf 71' lang='lat' dir='ltr'><strong>quali</strong></span> <span class='ocrx_word' id='word_1_77' title='bbox 964 1198 1217 1273; x_wconf 88' lang='lat' dir='ltr'><strong>positura</strong></span> <span class='ocrx_word' id='word_1_78' title='bbox 1242 1198 1630 1256; x_wconf 78' lang='lat' dir='ltr'><strong>contineantur</strong></span> 
     </span>
     <span class='ocr_line' id='line_1_13' title="bbox 175 1280 1624 1359; baseline -0.003 -15"><span class='ocrx_word' id='word_1_79' title='bbox 175 1289 289 1344; x_wconf 80' lang='grc'><strong>910</strong></span> <span class='ocrx_word' id='word_1_80' title='bbox 318 1290 375 1340; x_wconf 87' lang='lat' dir='ltr'><strong>et</strong></span> <span class='ocrx_word' id='word_1_81' title='bbox 400 1296 546 1359; x_wconf 82' lang='lat' dir='ltr'><strong>quos</strong></span> <span class='ocrx_word' id='word_1_82' title='bbox 570 1280 717 1338; x_wconf 89' lang='lat' dir='ltr'><strong>inter</strong></span> <span class='ocrx_word' id='word_1_83' title='bbox 741 1298 806 1339; x_wconf 92' lang='lat' dir='ltr'><strong>se</strong></span> <span class='ocrx_word' id='word_1_84' title='bbox 832 1280 964 1338; x_wconf 88' lang='lat' dir='ltr'><strong>dent</strong></span> <span class='ocrx_word' id='word_1_85' title='bbox 988 1289 1172 1339; x_wconf 81' lang='lat' dir='ltr'><strong>motus</strong></span> <span class='ocrx_word' id='word_1_86' title='bbox 1196 1281 1624 1359; x_wconf 81' lang='lat' dir='ltr'><strong>accipiantque,</strong></span> 
     </span>
     <span class='ocr_line' id='line_1_14' title="bbox 312 1362 1618 1443; baseline 0.002 -21"><span class='ocrx_word' id='word_1_87' title='bbox 312 1375 484 1443; x_wconf 87' lang='lat' dir='ltr'><strong>atque</strong></span> <span class='ocrx_word' id='word_1_88' title='bbox 511 1362 710 1422; x_wconf 88' lang='lat' dir='ltr'><strong>eadem</strong></span> <span class='ocrx_word' id='word_1_89' title='bbox 734 1362 905 1442; x_wconf 90' lang='lat' dir='ltr'><strong>paulo</strong></span> <span class='ocrx_word' id='word_1_90' title='bbox 929 1364 1081 1422; x_wconf 89' lang='lat' dir='ltr'><strong>inter</strong></span> <span class='ocrx_word' id='word_1_91' title='bbox 1103 1382 1169 1424; x_wconf 90' lang='lat' dir='ltr'><strong>se</strong></span> <span class='ocrx_word' id='word_1_92' title='bbox 1192 1372 1397 1423; x_wconf 83' lang='lat' dir='ltr'><strong>mutata</strong></span> <span class='ocrx_word' id='word_1_93' title='bbox 1423 1382 1618 1424; x_wconf 89' lang='lat' dir='ltr'><strong>creare</strong></span> 
     </span>
     <span class='ocr_line' id='line_1_15' title="bbox 313 1443 1771 1529; baseline 0.002 -22"><span class='ocrx_word' id='word_1_94' title='bbox 313 1449 479 1525; x_wconf 88' lang='lat' dir='ltr'><strong>ignes</strong></span> <span class='ocrx_word' id='word_1_95' title='bbox 503 1455 561 1506; x_wconf 85' lang='lat' dir='ltr'><strong>et</strong></span> <span class='ocrx_word' id='word_1_96' title='bbox 586 1443 839 1524; x_wconf 79' lang='lat' dir='ltr'><strong>lignum?</strong></span> <span class='ocrx_word' id='word_1_97' title='bbox 861 1465 974 1526; x_wconf 85' lang='lat' dir='ltr'><strong>quo</strong></span> <span class='ocrx_word' id='word_1_98' title='bbox 999 1456 1170 1526; x_wconf 86' lang='lat' dir='ltr'><strong>pacto</strong></span> <span class='ocrx_word' id='word_1_99' title='bbox 1193 1448 1370 1507; x_wconf 82' lang='lat' dir='ltr'><strong>verba</strong></span> <span class='ocrx_word' id='word_1_100' title='bbox 1396 1465 1624 1527; x_wconf 80' lang='lat' dir='ltr'><strong>quoque</strong></span> <span class='ocrx_word' id='word_1_101' title='bbox 1648 1452 1771 1529; x_wconf 90' lang='lat' dir='ltr'><strong>ipsa</strong></span> 
     </span>
     <span class='ocr_line' id='line_1_16' title="bbox 314 1530 1502 1610; baseline 0.002 -20"><span class='ocrx_word' id='word_1_102' title='bbox 314 1534 463 1591; x_wconf 90' lang='lat' dir='ltr'><strong>inter</strong></span> <span class='ocrx_word' id='word_1_103' title='bbox 486 1549 551 1591; x_wconf 88' lang='lat' dir='ltr'><strong>se</strong></span> <span class='ocrx_word' id='word_1_104' title='bbox 579 1530 748 1610; x_wconf 89' lang='lat' dir='ltr'><strong>paulo</strong></span> <span class='ocrx_word' id='word_1_105' title='bbox 772 1533 995 1590; x_wconf 84' lang='lat' dir='ltr'><strong>mutatis</strong></span> <span class='ocrx_word' id='word_1_106' title='bbox 1019 1541 1148 1591; x_wconf 86' lang='lat' dir='ltr'><strong>sunt</strong></span> <span class='ocrx_word' id='word_1_107' title='bbox 1170 1530 1468 1592; x_wconf 85' lang='lat' dir='ltr'><strong>elementis</strong></span> <span class='ocrx_word' id='word_1_108' title='bbox 1484 1578 1502 1609; x_wconf 83' lang='lat'>‚</span> 
     </span>
     <span class='ocr_line' id='line_1_17' title="bbox 318 1614 1757 1693; baseline -0.001 -18"><span class='ocrx_word' id='word_1_109' title='bbox 318 1634 443 1675; x_wconf 89' lang='lat' dir='ltr'><strong>cum</strong></span> <span class='ocrx_word' id='word_1_110' title='bbox 464 1614 618 1692; x_wconf 89' lang='lat' dir='ltr'><strong>ligna</strong></span> <span class='ocrx_word' id='word_1_111' title='bbox 639 1624 808 1693; x_wconf 82' lang='lat' dir='ltr'><strong>atque</strong></span> <span class='ocrx_word' id='word_1_112' title='bbox 833 1617 998 1692; x_wconf 90' lang='lat' dir='ltr'><strong>ignes</strong></span> <span class='ocrx_word' id='word_1_113' title='bbox 1023 1614 1455 1676; x_wconf 84' lang='lat' dir='ltr'><strong>distinctavoce</strong></span> <span class='ocrx_word' id='word_1_114' title='bbox 1478 1626 1757 1676; x_wconf 86' lang='lat' dir='ltr'><strong>notemus.</strong></span> 
     </span>
     <span class='ocr_line' id='line_1_18' title="bbox 179 1699 1849 1779; baseline -0.002 -16"><span class='ocrx_word' id='word_1_115' title='bbox 179 1708 290 1763; x_wconf 81' lang='lat'><strong>915</strong></span> <span class='ocrx_word' id='word_1_116' title='bbox 317 1699 561 1778; x_wconf 80' lang='lat' dir='ltr'><strong>denique</strong></span> <span class='ocrx_word' id='word_1_117' title='bbox 585 1700 692 1759; x_wconf 88' lang='lat' dir='ltr'><strong>iam</strong></span> <span class='ocrx_word' id='word_1_118' title='bbox 718 1715 860 1777; x_wconf 89' lang='lat' dir='ltr'><strong>quae</strong></span> <span class='ocrx_word' id='word_1_119' title='bbox 887 1717 1127 1777; x_wconf 84' lang='lat' dir='ltr'><strong>cumque</strong></span> <span class='ocrx_word' id='word_1_120' title='bbox 1150 1702 1207 1758; x_wconf 93' lang='lat' dir='ltr'><strong>in</strong></span> <span class='ocrx_word' id='word_1_121' title='bbox 1229 1700 1402 1759; x_wconf 89' lang='lat' dir='ltr'><strong>rebus</strong></span> <span class='ocrx_word' id='word_1_122' title='bbox 1429 1701 1613 1759; x_wconf 87' lang='lat' dir='ltr'><strong>cernis</strong></span> <span class='ocrx_word' id='word_1_123' title='bbox 1638 1703 1849 1779; x_wconf 85' lang='lat' dir='ltr'><strong>apertis</strong></span> 
     </span>
     <span class='ocr_line' id='line_1_19' title="bbox 318 1783 1506 1862; baseline -0.001 -18"><span class='ocrx_word' id='word_1_124' title='bbox 318 1786 366 1844; x_wconf 89' lang='lat' dir='ltr'><strong>si</strong></span> <span class='ocrx_word' id='word_1_125' title='bbox 392 1783 513 1844; x_wconf 83' lang='lat' dir='ltr'><strong>fieri</strong></span> <span class='ocrx_word' id='word_1_126' title='bbox 538 1800 651 1842; x_wconf 89' lang='lat' dir='ltr'><strong>non</strong></span> <span class='ocrx_word' id='word_1_127' title='bbox 674 1800 851 1862; x_wconf 90' lang='lat' dir='ltr'><strong>posse</strong></span> <span class='ocrx_word' id='word_1_128' title='bbox 874 1792 1072 1861; x_wconf 81' lang='lat' dir='ltr'><strong>putas,</strong></span> <span class='ocrx_word' id='word_1_129' title='bbox 1101 1785 1234 1862; x_wconf 87' lang='lat' dir='ltr'><strong>quin</strong></span> <span class='ocrx_word' id='word_1_130' title='bbox 1255 1784 1506 1843; x_wconf 87' lang='lat' dir='ltr'><strong>materiai</strong></span> 
     </span>
     <span class='ocr_line' id='line_1_20' title="bbox 266 1866 1590 1965; baseline 0.001 -37"><span class='ocrx_word' id='word_1_131' title='bbox 266 1876 273 1881; x_wconf 80' lang='grc'><strong>’</strong></span> <span class='ocrx_word' id='word_1_132' title='bbox 318 1884 562 1965; x_wconf 80' lang='lat' dir='ltr'><strong>corpora</strong></span> <span class='ocrx_word' id='word_1_133' title='bbox 588 1866 863 1928; x_wconf 86' lang='lat' dir='ltr'><strong>consimili</strong></span> <span class='ocrx_word' id='word_1_134' title='bbox 887 1876 1077 1928; x_wconf 88' lang='lat' dir='ltr'><strong>natura</strong></span> <span class='ocrx_word' id='word_1_135' title='bbox 1099 1866 1354 1949; x_wconf 84' lang='lat' dir='ltr'><strong>praedita</strong></span> <span class='ocrx_word' id='word_1_136' title='bbox 1378 1867 1555 1946; x_wconf 83' lang='lat' dir='ltr'><strong>fingas</strong></span> <span class='ocrx_word' id='word_1_137' title='bbox 1572 1914 1590 1946; x_wconf 83' lang='lat'>‚</span> 
     </span>
     <span class='ocr_line' id='line_1_21' title="bbox 316 1951 1615 2031; baseline -0.002 -19"><span class='ocrx_word' id='word_1_138' title='bbox 316 1951 421 2012; x_wconf 86' lang='lat' dir='ltr'><strong>hac</strong></span> <span class='ocrx_word' id='word_1_139' title='bbox 443 1954 662 2011; x_wconf 87' lang='lat' dir='ltr'><strong>ratione</strong></span> <span class='ocrx_word' id='word_1_140' title='bbox 687 1953 788 2012; x_wconf 79' lang='lat' dir='ltr'><strong>tibi</strong></span> <span class='ocrx_word' id='word_1_141' title='bbox 810 1961 1053 2031; x_wconf 87' lang='lat' dir='ltr'><strong>pereunt</strong></span> <span class='ocrx_word' id='word_1_142' title='bbox 1077 1952 1377 2031; x_wconf 88' lang='lat' dir='ltr'><strong>primordia</strong></span> <span class='ocrx_word' id='word_1_143' title='bbox 1401 1971 1615 2013; x_wconf 87' lang='lat' dir='ltr'><strong>rerum:</strong></span> 
     </span>
     <span class='ocr_line' id='line_1_22' title="bbox 318 2035 1591 2098; baseline 0.001 -2"><span class='ocrx_word' id='word_1_144' title='bbox 318 2036 415 2096; x_wconf 85' lang='lat' dir='ltr'><strong>fiet</strong></span> <span class='ocrx_word' id='word_1_145' title='bbox 439 2038 518 2096; x_wconf 87' lang='lat' dir='ltr'><strong>uti</strong></span> <span class='ocrx_word' id='word_1_146' title='bbox 541 2038 659 2096; x_wconf 91' lang='lat' dir='ltr'><strong>risu</strong></span> <span class='ocrx_word' id='word_1_147' title='bbox 684 2035 925 2098; x_wconf 89' lang='lat' dir='ltr'><strong>tremulo</strong></span> <span class='ocrx_word' id='word_1_148' title='bbox 952 2054 1234 2097; x_wconf 89' lang='lat' dir='ltr'><strong>concussa</strong></span> <span class='ocrx_word' id='word_1_149' title='bbox 1258 2035 1591 2097; x_wconf 82' lang='lat' dir='ltr'><strong>cachinnent</strong></span> 
     </span>
     <span class='ocr_line' id='line_1_23' title="bbox 182 2119 1614 2200; baseline -0.004 -16"><span class='ocrx_word' id='word_1_150' title='bbox 182 2128 294 2184; x_wconf 78' lang='lat'><strong>920</strong></span> <span class='ocrx_word' id='word_1_151' title='bbox 320 2130 376 2180; x_wconf 89' lang='lat' dir='ltr'><strong>et</strong></span> <span class='ocrx_word' id='word_1_152' title='bbox 400 2119 651 2181; x_wconf 81' lang='lat' dir='ltr'><strong>lacrimis</strong></span> <span class='ocrx_word' id='word_1_153' title='bbox 676 2119 843 2181; x_wconf 84' lang='lat' dir='ltr'><strong>salsis</strong></span> <span class='ocrx_word' id='word_1_154' title='bbox 868 2130 1156 2181; x_wconf 85' lang='lat' dir='ltr'><strong>umectent</strong></span> <span class='ocrx_word' id='word_1_155' title='bbox 1182 2139 1280 2181; x_wconf 87' lang='lat' dir='ltr'><strong>ora</strong></span> <span class='ocrx_word' id='word_1_156' title='bbox 1303 2139 1614 2200; x_wconf 83' lang='lat' dir='ltr'><strong>genasque.</strong></span> 
     </span>
     <span class='ocr_line' id='line_1_24' title="bbox 400 2202 2026 2284; baseline 0.003 -21"><span class='ocrx_word' id='word_1_157' title='bbox 400 2202 566 2264; x_wconf 89' lang='lat' dir='ltr'><strong>Nunc</strong></span> <span class='ocrx_word' id='word_1_158' title='bbox 590 2220 698 2281; x_wconf 85' lang='lat' dir='ltr'><strong>age</strong></span> <span class='ocrx_word' id='word_1_159' title='bbox 714 2250 732 2281; x_wconf 86' lang='lat'>‚</span> <span class='ocrx_word' id='word_1_160' title='bbox 760 2203 912 2283; x_wconf 87' lang='lat' dir='ltr'><strong>qnod</strong></span> <span class='ocrx_word' id='word_1_161' title='bbox 935 2223 1111 2284; x_wconf 90' lang='lat' dir='ltr'><strong>super</strong></span> <span class='ocrx_word' id='word_1_162' title='bbox 1133 2215 1224 2265; x_wconf 90' lang='lat' dir='ltr'><strong>est</strong></span> <span class='ocrx_word' id='word_1_163' title='bbox 1250 2221 1544 2283; x_wconf 89' lang='lat' dir='ltr'><strong>cognosce</strong></span> <span class='ocrx_word' id='word_1_164' title='bbox 1569 2213 1627 2265; x_wconf 84' lang='lat' dir='ltr'><strong>et</strong></span> <span class='ocrx_word' id='word_1_165' title='bbox 1651 2205 1856 2267; x_wconf 89' lang='lat' dir='ltr'><strong>clarius</strong></span> <span class='ocrx_word' id='word_1_166' title='bbox 1881 2205 2026 2269; x_wconf 86' lang='lat' dir='ltr'><strong>audi.</strong></span> 
     </span>
     <span class='ocr_line' id='line_1_25' title="bbox 316 2287 1781 2366; baseline 0.003 -20"><span class='ocrx_word' id='word_1_167' title='bbox 316 2307 429 2348; x_wconf 87' lang='lat' dir='ltr'><strong>nec</strong></span> <span class='ocrx_word' id='word_1_168' title='bbox 450 2306 542 2348; x_wconf 88' lang='lat' dir='ltr'><strong>me</strong></span> <span class='ocrx_word' id='word_1_169' title='bbox 566 2290 730 2347; x_wconf 88' lang='lat' dir='ltr'><strong>animi</strong></span> <span class='ocrx_word' id='word_1_170' title='bbox 750 2287 895 2348; x_wconf 82' lang='lat' dir='ltr'><strong>fallit</strong></span> <span class='ocrx_word' id='word_1_171' title='bbox 920 2306 1083 2366; x_wconf 82' lang='lat' dir='ltr'><strong>quam</strong></span> <span class='ocrx_word' id='word_1_172' title='bbox 1108 2291 1218 2350; x_wconf 88' lang='lat' dir='ltr'><strong>sint</strong></span> <span class='ocrx_word' id='word_1_173' title='bbox 1241 2289 1515 2350; x_wconf 90' lang='lat' dir='ltr'><strong>obscura:</strong></span> <span class='ocrx_word' id='word_1_174' title='bbox 1539 2288 1643 2351; x_wconf 85' lang='lat' dir='ltr'><strong>sed</strong></span> <span class='ocrx_word' id='word_1_175' title='bbox 1665 2293 1781 2351; x_wconf 90' lang='lat' dir='ltr'><strong>acri</strong></span> 
     </span>
     <span class='ocr_line' id='line_1_26' title="bbox 316 2371 1761 2453; baseline 0.001 -22"><span class='ocrx_word' id='word_1_176' title='bbox 316 2373 607 2450; x_wconf 86' lang='lat' dir='ltr'><strong>percussit</strong></span> <span class='ocrx_word' id='word_1_177' title='bbox 628 2371 827 2451; x_wconf 84' lang='lat' dir='ltr'><strong>thyrso</strong></span> <span class='ocrx_word' id='word_1_178' title='bbox 858 2371 1038 2433; x_wconf 88' lang='lat' dir='ltr'><strong>laudis</strong></span> <span class='ocrx_word' id='word_1_179' title='bbox 1066 2392 1204 2453; x_wconf 90' lang='lat' dir='ltr'><strong>spes</strong></span> <span class='ocrx_word' id='word_1_180' title='bbox 1228 2391 1427 2452; x_wconf 85' lang='lat' dir='ltr'><strong>magna</strong></span> <span class='ocrx_word' id='word_1_181' title='bbox 1451 2392 1635 2434; x_wconf 89' lang='lat' dir='ltr'><strong>meum</strong></span> <span class='ocrx_word' id='word_1_182' title='bbox 1658 2391 1761 2435; x_wconf 91' lang='lat' dir='ltr'><strong>cor</strong></span> 
     </span>
     <span class='ocr_line' id='line_1_27' title="bbox 317 2455 1762 2538; baseline 0.002 -22"><span class='ocrx_word' id='word_1_183' title='bbox 317 2465 376 2516; x_wconf 88' lang='lat' dir='ltr'><strong>et</strong></span> <span class='ocrx_word' id='word_1_184' title='bbox 406 2455 573 2517; x_wconf 91' lang='lat' dir='ltr'><strong>simul</strong></span> <span class='ocrx_word' id='word_1_185' title='bbox 596 2458 834 2517; x_wconf 89' lang='lat' dir='ltr'><strong>incussit</strong></span> <span class='ocrx_word' id='word_1_186' title='bbox 857 2475 1088 2517; x_wconf 85' lang='lat' dir='ltr'><strong>suavem</strong></span> <span class='ocrx_word' id='word_1_187' title='bbox 1111 2460 1183 2517; x_wconf 93' lang='lat' dir='ltr'><strong>mi</strong></span> <span class='ocrx_word' id='word_1_188' title='bbox 1207 2460 1263 2517; x_wconf 93' lang='lat' dir='ltr'><strong>in</strong></span> <span class='ocrx_word' id='word_1_189' title='bbox 1287 2467 1491 2538; x_wconf 88' lang='lat' dir='ltr'><strong>pectus</strong></span> <span class='ocrx_word' id='word_1_190' title='bbox 1515 2475 1762 2519; x_wconf 88' lang='lat' dir='ltr'><strong>amorem</strong></span> 
     </span>
     <span class='ocr_line' id='line_1_28' title="bbox 182 2542 1734 2620; baseline 0.003 -24"><span class='ocrx_word' id='word_1_191' title='bbox 182 2548 293 2604; x_wconf 78' lang='lat'><strong>925</strong></span> <span class='ocrx_word' id='word_1_192' title='bbox 321 2558 637 2616; x_wconf 83' lang='lat' dir='ltr'><strong>musarum,</strong></span> <span class='ocrx_word' id='word_1_193' title='bbox 667 2557 779 2619; x_wconf 84' lang='lat' dir='ltr'><strong>quo</strong></span> <span class='ocrx_word' id='word_1_194' title='bbox 802 2559 951 2600; x_wconf 89' lang='lat' dir='ltr'><strong>nunc</strong></span> <span class='ocrx_word' id='word_1_195' title='bbox 973 2542 1270 2603; x_wconf 86' lang='lat' dir='ltr'><strong>instinctus</strong></span> <span class='ocrx_word' id='word_1_196' title='bbox 1297 2550 1484 2603; x_wconf 84' lang='lat' dir='ltr'><strong>mente</strong></span> <span class='ocrx_word' id='word_1_197' title='bbox 1518 2544 1734 2620; x_wconf 83' lang='lat' dir='ltr'><strong>vigenti</strong></span> 
     </span>
     <span class='ocr_line' id='line_1_29' title="bbox 317 2622 1546 2709; baseline 0.001 -26"><span class='ocrx_word' id='word_1_198' title='bbox 317 2626 442 2684; x_wconf 89' lang='lat' dir='ltr'><strong>avia</strong></span> <span class='ocrx_word' id='word_1_199' title='bbox 463 2622 742 2704; x_wconf 88' lang='lat' dir='ltr'><strong>Pieridum</strong></span> <span class='ocrx_word' id='word_1_200' title='bbox 767 2642 1012 2709; x_wconf 87' lang='lat' dir='ltr'><strong>peragro</strong></span> <span class='ocrx_word' id='word_1_201' title='bbox 1034 2623 1163 2686; x_wconf 90' lang='lat' dir='ltr'><strong>loca</strong></span> <span class='ocrx_word' id='word_1_202' title='bbox 1186 2625 1393 2688; x_wconf 88' lang='lat' dir='ltr'><strong>nullius</strong></span> <span class='ocrx_word' id='word_1_203' title='bbox 1418 2635 1546 2685; x_wconf 89' lang='lat' dir='ltr'><strong>ante</strong></span> 
     </span>
     <span class='ocr_line' id='line_1_30' title="bbox 318 2701 1581 2786; baseline 0.001 -18"><span class='ocrx_word' id='word_1_204' title='bbox 318 2701 448 2768; x_wconf 86' lang='lat' dir='ltr'><strong>trita</strong></span> <span class='ocrx_word' id='word_1_205' title='bbox 473 2706 622 2768; x_wconf 88' lang='lat' dir='ltr'><strong>solo.</strong></span> <span class='ocrx_word' id='word_1_206' title='bbox 648 2709 799 2767; x_wconf 82' lang='lat' dir='ltr'><strong>iuvat</strong></span> <span class='ocrx_word' id='word_1_207' title='bbox 823 2710 1077 2786; x_wconf 85' lang='lat' dir='ltr'><strong>integros</strong></span> <span class='ocrx_word' id='word_1_208' title='bbox 1100 2709 1385 2771; x_wconf 82' lang='lat' dir='ltr'><strong>accedere</strong></span> <span class='ocrx_word' id='word_1_209' title='bbox 1410 2709 1581 2769; x_wconf 79' lang='lat' dir='ltr'><strong>fontis</strong></span> 
     </span>
     <span class='ocr_line' id='line_1_31' title="bbox 317 2789 1811 2872; baseline 0.001 -20"><span class='ocrx_word' id='word_1_210' title='bbox 317 2797 489 2872; x_wconf 76' lang='lat' dir='ltr'><strong>atque</strong></span> <span class='ocrx_word' id='word_1_211' title='bbox 511 2789 734 2852; x_wconf 87' lang='lat' dir='ltr'><strong>haurire</strong></span> <span class='ocrx_word' id='word_1_212' title='bbox 750 2794 1057 2872; x_wconf 83' lang='lat' dir='ltr'><strong>,iuvatque</strong></span> <span class='ocrx_word' id='word_1_213' title='bbox 1081 2812 1265 2856; x_wconf 83' lang='lat' dir='ltr'><strong>novos</strong></span> <span class='ocrx_word' id='word_1_214' title='bbox 1291 2794 1609 2872; x_wconf 87' lang='lat' dir='ltr'><strong>decerpere</strong></span> <span class='ocrx_word' id='word_1_215' title='bbox 1637 2792 1811 2854; x_wconf 83' lang='lat' dir='ltr'><strong>flores</strong></span> 
     </span>
     <span class='ocr_line' id='line_1_32' title="bbox 316 2877 1764 2957; baseline 0.001 -21"><span class='ocrx_word' id='word_1_216' title='bbox 316 2877 715 2955; x_wconf 76' lang='lat' dir='ltr'><strong>insignemque</strong></span> <span class='ocrx_word' id='word_1_217' title='bbox 733 2894 861 2936; x_wconf 89' lang='lat' dir='ltr'><strong>meo</strong></span> <span class='ocrx_word' id='word_1_218' title='bbox 891 2879 1059 2956; x_wconf 90' lang='lat' dir='ltr'><strong>capiti</strong></span> <span class='ocrx_word' id='word_1_219' title='bbox 1081 2888 1285 2957; x_wconf 85' lang='lat' dir='ltr'><strong>petere</strong></span> <span class='ocrx_word' id='word_1_220' title='bbox 1308 2877 1438 2937; x_wconf 89' lang='lat' dir='ltr'><strong>inde</strong></span> <span class='ocrx_word' id='word_1_221' title='bbox 1465 2894 1764 2955; x_wconf 85' lang='lat' dir='ltr'><strong>coronam,</strong></span> 
     </span>
     <span class='ocr_line' id='line_1_33' title="bbox 188 2959 1726 3042; baseline -0.001 -19"><span class='ocrx_word' id='word_1_222' title='bbox 188 2968 298 3023; x_wconf 77' lang='lat'><strong>930</strong></span> <span class='ocrx_word' id='word_1_223' title='bbox 320 2959 467 3021; x_wconf 84' lang='lat' dir='ltr'><strong>unde</strong></span> <span class='ocrx_word' id='word_1_224' title='bbox 491 2962 649 3039; x_wconf 90' lang='lat' dir='ltr'><strong>prius</strong></span> <span class='ocrx_word' id='word_1_225' title='bbox 673 2959 810 3020; x_wconf 89' lang='lat' dir='ltr'><strong>nulli</strong></span> <span class='ocrx_word' id='word_1_226' title='bbox 832 2960 1071 3021; x_wconf 83' lang='lat' dir='ltr'><strong>velarint</strong></span> <span class='ocrx_word' id='word_1_227' title='bbox 1095 2973 1351 3042; x_wconf 89' lang='lat' dir='ltr'><strong>tempora</strong></span> <span class='ocrx_word' id='word_1_228' title='bbox 1371 2979 1564 3021; x_wconf 88' lang='lat' dir='ltr'><strong>musae</strong></span> <span class='ocrx_word' id='word_1_229' title='bbox 1584 2982 1599 3030; x_wconf 90' lang='lat'>;</span> <span class='ocrx_word' id='word_1_230' title='bbox 1720 2979 1726 2984; x_wconf 67' lang='grc'><strong><em>’</em></strong></span> 
     </span>
     <span class='ocr_line' id='line_1_34' title="bbox 317 3043 1709 3125; baseline 0.001 -21"><span class='ocrx_word' id='word_1_231' title='bbox 317 3046 556 3124; x_wconf 86' lang='lat' dir='ltr'><strong>primum</strong></span> <span class='ocrx_word' id='word_1_232' title='bbox 581 3043 734 3125; x_wconf 80' lang='lat' dir='ltr'><strong>quod</strong></span> <span class='ocrx_word' id='word_1_233' title='bbox 752 3047 967 3123; x_wconf 90' lang='lat' dir='ltr'><strong>magnis</strong></span> <span class='ocrx_word' id='word_1_234' title='bbox 994 3044 1179 3107; x_wconf 89' lang='lat' dir='ltr'><strong>doceo</strong></span> <span class='ocrx_word' id='word_1_235' title='bbox 1201 3046 1274 3107; x_wconf 92' lang='lat' dir='ltr'><strong>de</strong></span> <span class='ocrx_word' id='word_1_236' title='bbox 1297 3046 1470 3106; x_wconf 87' lang='lat' dir='ltr'><strong>rebus</strong></span> <span class='ocrx_word' id='word_1_237' title='bbox 1495 3054 1553 3105; x_wconf 86' lang='lat' dir='ltr'><strong>et</strong></span> <span class='ocrx_word' id='word_1_238' title='bbox 1576 3046 1709 3106; x_wconf 87' lang='lat' dir='ltr'><strong>artis</strong></span> 
     </span>
     <span class='ocr_line' id='line_1_35' title="bbox 319 3126 1681 3208; baseline 0 -20"><span class='ocrx_word' id='word_1_239' title='bbox 319 3126 662 3207; x_wconf 87' lang='lat' dir='ltr'><strong>religionum</strong></span> <span class='ocrx_word' id='word_1_240' title='bbox 682 3130 920 3189; x_wconf 90' lang='lat' dir='ltr'><strong>animum</strong></span> <span class='ocrx_word' id='word_1_241' title='bbox 942 3130 1106 3190; x_wconf 88' lang='lat' dir='ltr'><strong>nodis</strong></span> <span class='ocrx_word' id='word_1_242' title='bbox 1131 3129 1439 3193; x_wconf 83' lang='lat' dir='ltr'><strong>exsolvere</strong></span> <span class='ocrx_word' id='word_1_243' title='bbox 1462 3147 1646 3208; x_wconf 88' lang='lat' dir='ltr'><strong>pergo</strong></span> <span class='ocrx_word' id='word_1_244' title='bbox 1662 3176 1681 3206; x_wconf 84' lang='lat'>,</span> 
     </span>
     <span class='ocr_line' id='line_1_36' title="bbox 319 3211 1713 3293; baseline -0.001 -21"><span class='ocrx_word' id='word_1_245' title='bbox 319 3211 528 3273; x_wconf 88' lang='lat' dir='ltr'><strong>deinde</strong></span> <span class='ocrx_word' id='word_1_246' title='bbox 555 3211 709 3293; x_wconf 85' lang='lat' dir='ltr'><strong>quod</strong></span> <span class='ocrx_word' id='word_1_247' title='bbox 731 3213 977 3276; x_wconf 87' lang='lat' dir='ltr'><strong>obscura</strong></span> <span class='ocrx_word' id='word_1_248' title='bbox 999 3212 1070 3273; x_wconf 92' lang='lat' dir='ltr'><strong>de</strong></span> <span class='ocrx_word' id='word_1_249' title='bbox 1093 3232 1158 3275; x_wconf 90' lang='lat' dir='ltr'><strong>re</strong></span> <span class='ocrx_word' id='word_1_250' title='bbox 1181 3226 1293 3275; x_wconf 88' lang='lat' dir='ltr'><strong>tam</strong></span> <span class='ocrx_word' id='word_1_251' title='bbox 1316 3213 1501 3274; x_wconf 89' lang='lat' dir='ltr'><strong>lucida</strong></span> <span class='ocrx_word' id='word_1_252' title='bbox 1524 3230 1713 3293; x_wconf 86' lang='lat' dir='ltr'><strong>pango</strong></span> 
     </span>
     <span class='ocr_line' id='line_1_37' title="bbox 318 3296 1692 3376; baseline -0.001 -19"><span class='ocrx_word' id='word_1_253' title='bbox 318 3299 562 3357; x_wconf 87' lang='lat' dir='ltr'><strong>carmina</strong></span> <span class='ocrx_word' id='word_1_254' title='bbox 577 3342 596 3375; x_wconf 83' lang='lat'>‚</span> <span class='ocrx_word' id='word_1_255' title='bbox 621 3315 854 3358; x_wconf 88' lang='lat' dir='ltr'><strong>musaeo</strong></span> <span class='ocrx_word' id='word_1_256' title='bbox 875 3300 1213 3375; x_wconf 86' lang='lat' dir='ltr'><strong>contingens</strong></span> <span class='ocrx_word' id='word_1_257' title='bbox 1246 3307 1447 3359; x_wconf 84' lang='lat' dir='ltr'><strong>cuncta</strong></span> <span class='ocrx_word' id='word_1_258' title='bbox 1471 3296 1692 3376; x_wconf 86' lang='lat' dir='ltr'><strong>lepore.</strong></span> 
     </span>
     <span class='ocr_line' id='line_1_38' title="bbox 186 3380 1732 3462; baseline -0.004 -18"><span class='ocrx_word' id='word_1_259' title='bbox 186 3387 294 3444; x_wconf 75' lang='grc'><strong>935</strong></span> <span class='ocrx_word' id='word_1_260' title='bbox 315 3380 373 3441; x_wconf 90' lang='lat' dir='ltr'><strong>id</strong></span> <span class='ocrx_word' id='word_1_261' title='bbox 405 3398 640 3462; x_wconf 82' lang='lat' dir='ltr'><strong>quoque</strong></span> <span class='ocrx_word' id='word_1_262' title='bbox 664 3382 812 3443; x_wconf 89' lang='lat' dir='ltr'><strong>enim</strong></span> <span class='ocrx_word' id='word_1_263' title='bbox 832 3400 946 3442; x_wconf 95' lang='lat' dir='ltr'><strong>non</strong></span> <span class='ocrx_word' id='word_1_264' title='bbox 970 3382 1040 3442; x_wconf 87' lang='lat' dir='ltr'><strong>ab</strong></span> <span class='ocrx_word' id='word_1_265' title='bbox 1062 3381 1217 3441; x_wconf 91' lang='lat' dir='ltr'><strong>nulla</strong></span> <span class='ocrx_word' id='word_1_266' title='bbox 1239 3383 1457 3441; x_wconf 83' lang='lat' dir='ltr'><strong>ratione</strong></span> <span class='ocrx_word' id='word_1_267' title='bbox 1480 3380 1732 3440; x_wconf 84' lang='lat' dir='ltr'><strong>videtur:</strong></span> 
     </span>
     <span class='ocr_line' id='line_1_39' title="bbox 314 3462 1664 3544; baseline -0.004 -17"><span class='ocrx_word' id='word_1_268' title='bbox 314 3465 425 3527; x_wconf 75' lang='lat' dir='ltr'><strong>sed</strong></span> <span class='ocrx_word' id='word_1_269' title='bbox 446 3464 628 3526; x_wconf 83' lang='lat' dir='ltr'><strong>veluti</strong></span> <span class='ocrx_word' id='word_1_270' title='bbox 651 3466 846 3544; x_wconf 85' lang='lat' dir='ltr'><strong>pueris</strong></span> <span class='ocrx_word' id='word_1_271' title='bbox 869 3465 1145 3526; x_wconf 86' lang='lat' dir='ltr'><strong>absinthia</strong></span> <span class='ocrx_word' id='word_1_272' title='bbox 1165 3474 1345 3526; x_wconf 83' lang='lat' dir='ltr'><strong>taetra</strong></span> <span class='ocrx_word' id='word_1_273' title='bbox 1367 3462 1664 3524; x_wconf 85' lang='lat' dir='ltr'><strong>medentes</strong></span> 
     </span>
    </p>
   </div>
  </div>
 </body>
</html>
