2409 3825
183 197 265 262 86
1141 191 1221 250 111

223 372 328 427 890
350 363 603 440 frigore,
631 379 758 421 cum
782 376 998 420 summo
1029 357 1205 436 gelidi
1237 346 1404 418 cubat
1426 375 1677 436 aequore
1703 358 1859 436 saxi,

352 447 615 544 urgerive
640 461 889 522 superne
914 443 1178 502 obtritum
1200 440 1456 540 pondere
1486 449 1692 501 terrae.

460 519 637 589 ‘'Iam
622 546 730 588 lam
752 545 867 587 non
891 525 1089 586 domus
1113 526 1360 604 accipiet
1380 534 1440 585 te
1462 523 1612 585 laeta
1627 543 1860 604 ‚neque
1884 543 2033 586 uxor

352 613 560 692 optima
581 630 693 672 nec
715 609 915 671 dulces
941 616 1243 670 occurrent
1266 626 1330 669 os
1339 607 1462 668 cula
1485 610 1598 668 nati

350 697 682 777 praeripere
706 704 763 755 et
791 694 960 754 tacita
984 702 1188 771 pectus
1215 691 1515 752 dulcedine
1539 701 1790 769 tangent.

225 789 328 845 895
356 797 470 840 non
491 780 710 859 poteris
736 777 900 837 factis
926 776 1256 836 florentibus
1281 794 1415 836 esse
1431 778 1705 874 ,tuisque

354 863 715 943 praesidium.
740 863 952 920 misero
974 860 1201 919 misere'
1226 851 1406 920 aiunt
1421 861 1604 920 omnia
1624 859 1833 921 ademit

352 965 474 1007 una
485 945 612 1006 dies
641 944 846 1005 infesta
867 944 968 1003 tibi
991 952 1073 1004 tot
1096 946 1342 1043 praemia
1364 944 1553 1004 vitae-⁹

353 1029 533 1090 illud
516 1048 572 1089 ιιι
595 1028 684 1090 his
707 1028 880 1088 rebus
907 1045 1018 1087 non
1042 1018 1314 1104 addunt,e
1325 1045 1434 1087 nec
1458 1027 1561 1088 tibi
1584 1045 1775 1088 earum

354 1117 462 1174 iam
491 1111 833 1174 desiderium
854 1129 1043 1172 rerum
1064 1130 1240 1191 super
1260 1110 1466 1171 insidet
1491 1113 1637 1170 una?

229 1208 334 1262 900
361 1196 513 1278 quod
537 1197 686 1256 bene
708 1198 756 1257 si
776 1195 1003 1256 videant
1024 1196 1207 1254 animo
1231 1194 1513 1275 dictisque
1542 1204 1881 1274 sequantur,
1953 1248 1958 1252 .

357 1281 671 1343 dissoluant
696 1281 860 1339 animi
881 1297 1086 1357 magno
1110 1299 1176 1340 se
1199 1297 1414 1357 angore
1438 1289 1728 1359 metuque.

359 1357 449 1426 ‘tu
473 1364 708 1444 quidem
719 1372 780 1424 ut
804 1384 868 1425 es
892 1363 1011 1424 leto
1036 1366 1293 1442 sopitus,
1319 1366 1404 1424 sic
1427 1364 1541 1424 eris
1565 1365 1693 1424 aevi

360 1448 512 1528 quod
536 1467 712 1528 super
735 1457 825 1509 est
850 1450 1068 1509 cunctis
1094 1448 1333 1527 privatu’
1365 1446 1656 1508 doloribus
1679 1450 1900 1526 aegris:

356 1542 413 1593 at
431 1552 536 1595 nos
558 1533 825 1593 horrifico
859 1531 1198 1592 cinefactum
1221 1541 1281 1592 te
1304 1548 1486 1611 prope
1512 1532 1681 1593 busto

226 1626 328 1680 905
358 1617 747 1678 insatiabiliter
771 1615 1102 1677 deflevimus
1119 1662 1137 1694 ,
1162 1626 1570 1695 aeternumque

357 1701 512 1763 nulla
533 1701 655 1763 dies
678 1701 844 1761 nobis
870 1718 1154 1761 merorem
1178 1719 1213 1760 e
1236 1708 1479 1780 pectore
1503 1698 1730 1760 demet.'

356 1784 496 1845 illud
516 1786 587 1846 ab
609 1785 722 1845 hoc
746 1786 918 1862 igitur
948 1783 1330 1863 quaerendum
1352 1792 1476 1862 est,
1504 1782 1637 1863 quid
1659 1785 1732 1844 sit
1755 1786 1922 1844 amari

359 1878 515 1931 tanto
543 1880 756 1949 opere,
782 1867 850 1928 ad
875 1885 1130 1929 somnum
1152 1870 1200 1930 si
1223 1886 1319 1930 res
1343 1867 1489 1929 redit
1512 1878 1682 1947 atque
1709 1870 1958 1947 quietem
1974 1915 1993 1946 ,

363 1971 464 2014 cur
487 1955 782 2032 quisquam
805 1962 1039 2012 aeterno
1066 1954 1254 2032 possit
1275 1953 1581 2013 tabescere
1610 1952 1784 2013 luctu.

233 2044 337 2099 910
445 2036 572 2096 Hoc
602 2037 770 2097 etiam
798 2036 1010 2096 faciunt
1032 2038 1127 2097 ubi
1152 2036 1495 2099 discubuere
1520 2046 1834 2115 tenentque

359 2118 570 2201 pocula
590 2138 767 2199 saepe
790 2118 1047 2181 homines
1070 2130 1130 2181 et
1149 2121 1465 2181 inumbrant
1494 2138 1592 2181 ora
1616 2122 1845 2181 coronis
1863 2166 1883 2199 ,

362 2224 436 2266 ex
464 2206 646 2264 animo
669 2213 728 2265 ut
756 2194 972 2264 dicant
979 2205 1173 2266 brevis
1195 2204 1292 2265 hic
1316 2213 1406 2266 est
1427 2204 1644 2266 fructus
1669 2204 1967 2266 homullis:

360 2291 468 2348 iam
491 2288 659 2348 fuerit
675 2306 906 2366 ,neque
935 2299 1069 2368 post
1093 2306 1353 2368 umquam
1374 2305 1652 2350 revocare
1676 2288 1913 2352 licebit?

358 2381 638 2454 tamquam
658 2373 714 2430 in
737 2382 918 2432 morte
940 2372 1068 2432 mali
1095 2392 1223 2433 cum
1245 2373 1438 2451 primis
1460 2372 1574 2433 hoc
1591 2374 1672 2434 'sit
1693 2390 1890 2434 eorum
1906 2419 1924 2452 ,

233 2461 336 2516 915
367 2456 519 2534 quod
540 2456 662 2516 sitis
689 2466 888 2516 exurat
909 2457 1151 2518 miseros
1173 2466 1345 2534 atque
1369 2457 1521 2516 arida
1540 2466 1729 2517 torres
1744 2503 1763 2534 ,

361 2548 456 2600 aut
476 2538 619 2601 aliae
646 2541 804 2599 cuius
828 2539 1169 2601 desiderium
1189 2539 1431 2600 insideat
1454 2541 1556 2601 rei.

360 2643 471 2684 nec
494 2624 601 2684 sibi
624 2626 772 2684 enim
795 2625 1088 2703 quisquam
1109 2633 1227 2684 tum
1249 2643 1315 2684 se
1336 2626 1620 2703 vitamque
1643 2623 1912 2701 requirit.

364 2726 491 2768 cum
517 2709 730 2788 pariter
749 2727 911 2769 mens
941 2718 999 2768 et
1023 2726 1235 2787 corpus
1259 2709 1444 2787 sopita
1472 2710 1799 2787 quiescunt:

361 2810 487 2852 nam
509 2791 648 2853 licet
670 2801 959 2852 aeternum
982 2810 1088 2870 per
1107 2808 1215 2852 nos
1239 2793 1326 2852 sic
1349 2810 1483 2853 esse
1506 2810 1613 2872 per
1636 2807 1836 2852 aevom
1850 2836 1870 2866 ‚

231 2881 336 2936 920
359 2895 470 2936 nec
494 2875 836 2936 desiderium
861 2877 1040 2936 nostri
1066 2892 1172 2936 nos
1196 2874 1387 2936 adficit
1409 2875 1619 2935 ullum:

362 2970 420 3021 et
442 2970 628 3020 tamen
649 2958 795 3019 haud
818 2976 1093 3040 quaquam
1114 2969 1344 3020 nostros
1366 2968 1500 3020 tunc
1524 2958 1619 3018 illa
1644 2977 1750 3039 per
1770 2966 1924 3018 artus

360 3044 534 3122 longe
559 3044 629 3103 ab
655 3043 954 3106 sensiferis
982 3043 1284 3122 primordia
1307 3044 1554 3104 motibus
1578 3052 1798 3121 errant,

364 3145 492 3189 cum
516 3136 816 3206 correptus
840 3127 1010 3188 homo
1034 3146 1110 3187 ex
1131 3143 1333 3188 somno
1358 3146 1425 3188 se
1451 3126 1676 3205 colligit
1693 3129 1843 3207 ipse.

359 3210 535 3272 multo
558 3213 730 3288 igitur
750 3220 990 3272 mortem
1012 3213 1193 3272 minus
1216 3209 1287 3270 ad
1305 3228 1412 3270 nos
1435 3230 1571 3272 esse
1591 3209 1953 3289 putandumst
1971 3230 1988 3276 ;

232 3304 334 3359 925
364 3297 412 3356 si
435 3297 616 3355 minus
642 3313 777 3355 esse
802 3303 996 3374 potest
1020 3312 1186 3373 quam
1212 3293 1364 3373 quod
1391 3293 1469 3353 nil
1494 3313 1630 3356 esse
1652 3294 1939 3353 videmus:

360 3380 537 3438 maior
565 3379 712 3437 enim
737 3377 935 3437 turbae
959 3376 1233 3438 disiectus
1256 3378 1506 3438 materiai

364 3462 734 3540 consequitur
754 3460 874 3520 leto
891 3505 909 3537 ,
933 3478 1043 3520 nec
1065 3461 1359 3538 quisquam
1384 3461 1718 3539 expergitus
1745 3468 1966 3537 exstat,

2398 1396 2408 1835 A-——n-———-——-n-—ss
2388 646 2406 1375 4—*24-—n—1p—„u
2400 564 2401 577 ⁴
