2409 3825
323 217 402 278 10
1148 223 1375 273 PERSII

320 368 411 428 De
458 368 676 425 maiore
720 366 921 441 domo,
962 364 1190 423 modice
1237 366 1461 423 sitiente
1506 365 1736 443 lagena,

319 452 495 511 Lenia
539 449 730 508 loturo
781 448 888 508 sibi
937 448 1271 507 Surrentina
1315 448 1564 523 rogabit.
1592 484 1676 494 —

320 535 512 608 Hem,
551 532 735 606 bone,
771 541 830 590 tu
854 530 1173 608 pallesi—
1211 531 1365 589 Nihil
1392 540 1499 589 est.
1525 566 1610 577 -—-
1650 530 1867 589 Videas
1892 540 2093 592 tamen
2121 537 2304 606 istud,

323 616 613 695 Quidquid
656 615 712 675 id
758 624 874 674 est:
921 616 1105 689 surgit
1150 615 1325 674 tacite
1371 613 1472 672 tibi
1519 614 1673 674 lutea
1725 614 1917 692 pellis.
1949 649 2035 661 —
2237 630 2307 683 95

321 700 400 759 At
450 709 508 758 tu
560 698 813 757 deterius
861 697 1077 774 palles;
1133 714 1205 755 ne
1251 699 1332 755 sis
1387 698 1520 756 mihi
1558 707 1735 764 tutor;

322 782 440 841 Iam
493 781 715 860 pridem
759 781 907 839 hunc
954 779 1174 857 sepeli:
1216 788 1277 838 tu
1320 790 1527 840 restas.
1554 813 1638 825 —·
1676 781 1900 856 Perge,
1940 784 2186 842 tacebo.
2221 821 2311 829 —-

324 864 608 941 Tui-gidus
655 864 749 923 hic
798 863 988 941 epulis
1040 872 1212 941 atque
1259 863 1394 922 albo
1443 874 1645 923 ventre
1698 864 1937 941 lavatur,

325 945 560 1008 Gutture
605 946 891 1006 sulfureas
934 946 1090 1005 lente
1130 943 1437 1006 exhalante
1479 948 1731 1014 m‘elites;

324 1030 443 1090 Sed
489 1040 705 1089 tremor
744 1032 893 1088 inter
933 1031 1065 1089 vina
1107 1028 1290 1105 subit,
1340 1030 1699 1107 calidumque
1742 1032 2011 1090 trientem
2133 1099 2138 1104 q
2202 1047 2309 1097 100

322 1112 557 1173 Excutit
601 1131 634 1171 e
680 1112 972 1188 manibus,
1017 1113 1220 1172 dentes
1263 1131 1549 1190 crepuere
1591 1116 1816 1187 retecti,

322 1195 506 1256 Uncta
560 1196 767 1255 cadunt
811 1195 958 1254 laxis
1002 1203 1135 1255 tunc
1181 1196 1554 1272 pulmentaria
1599 1196 1792 1255 labris.

321 1280 467 1339 Hinc
505 1279 675 1356 tuba,
725 1279 1037 1355 candelae‚
1083 1280 1426 1356 tandemque
1466 1279 1728 1340 beatulus
1771 1281 1887 1339 alto

325 1361 693 1440 Compositus
742 1363 899 1422 lecto
953 1364 1283 1439 crassisque
1324 1362 1532 1422 lutatus
1578 1365 1813 1422 amomis

321 1446 387 1506 In
436 1456 658 1523 portam
703 1446 917 1523 rigidas
964 1445 1162 1504 calces
1209 1446 1494 1505 extendit:
1543 1454 1599 1505 at
1647 1445 1802 1505 illum
2199 1464 2306 1515 105

322 1529 592 1588 Hesterni
639 1531 827 1605 capite
875 1529 1069 1587 induto
1117 1528 1351 1587 subiere
1399 1527 1671 1602 Quirites,

407 1611 637 1689 Tange,
684 1612 887 1686 miser,
931 1629 1109 1670 venas
1153 1621 1211 1671 et
1254 1629 1408 1689 pone
1455 1615 1511 1671 in
1552 1621 1795 1690 pectore
1840 1614 2127 1675 dextram.
2170 1652 2262 1664 —-·

322 1694 416 1754 Nil
462 1696 614 1754 calet
654 1694 878 1753 hic.—-
920 1691 1299 1772 Summosque
1346 1696 1531 1773 pedes
1576 1697 1791 1772 attinge
1838 1715 2184 1776 manusque.
2215 1735 2306 1745 -·

321 1777 450 1837 Non
500 1778 843 1855 frigent.—-·
881 1777 1021 1836 Visa
1068 1787 1157 1837 est
1211 1779 1259 1835 si
1307 1777 1458 1838 forte
1506 1781 1782 1857 pecunia,
1830 1781 1955 1838 sive
2331 1831 2351 1856 ‚

326 1859 582 1922 Candida
622 1862 792 1922 vicini
838 1860 1071 1921 subrisit
1119 1861 1296 1921 molle
1340 1861 1557 1941 puella,
2083 1929 2091 1936 ,
2194 1878 2303 1929 110

325 1943 443 2004 Cor
481 1945 581 2004 tibi
626 1947 735 2004 rite
782 1942 951 2004 salit?
997 1947 1246 2023 positum
1293 1952 1382 2005 est
1426 1945 1659 2023 algente
1704 1947 1890 2005 catino

319 2028 537 2087 Durum
578 2029 745 2104 olus,
788 2039 846 2088 et
892 2030 1092 2107 populi
1134 2028 1326 2089 cribro
1363 2029 1610 2089 decussa
1652 2030 1863 2089 farina:

323 2110 693 2189 Temptemus
737 2113 965 2172 fauces!
1014 2122 1222 2171 tenero
1270 2112 1408 2172 latet
1445 2113 1609 2172 ulcus
1654 2114 1710 2171 in
1754 2130 1857 2172 ore

321 2195 530 2271 Putre,
579 2196 734 2273 quod
778 2195 926 2255 haud
973 2196 1182 2256 deceat
1225 2194 1455 2274 plebeia
1499 2196 1706 2255 radere
1754 2196 1905 2256 beta.

321 2277 542 2353 AlgeS‚
589 2295 760 2354 quum
804 2282 1061 2338 excussit
1100 2278 1369 2338 membris
1411 2281 1581 2338 timor
1623 2279 1786 2339 albus
1832 2282 2070 2348 aristas;
2193 2297 2296 2348 115

322 2358 486 2418 Nunc
532 2360 662 2420 face
706 2362 1007 2440 supposita
1051 2363 1329 2421 fervescit
1369 2364 1602 2438 sanguis
1650 2373 1707 2422 et
1749 2365 1832 2423 ira

324 2443 648 2503 Scintillant
705 2444 890 2521 oculi,
939 2446 1197 2525 dicisque
1244 2446 1540 2523 facisque,
1596 2447 1749 2523 quod
1797 2449 1924 2525 ipse

323 2523 451 2584 Non
497 2528 618 2587 sani
676 2546 810 2589 esse
857 2529 1098 2588 hominis
1142 2546 1258 2588 non
1303 2546 1473 2588 sanus
1521 2530 1672 2589 iuret
1699 2527 1970 2608 ,Orestes

974 2854 1443 2923 SATIRA
1507 2858 1625 2922 IV.

320 2979 484 3070 Rem
527 3005 729 3085 populi
776 3008 1032 3069 tractas?
1057 3043 1141 3059 —·
1183 3009 1480 3071 barbatum
1524 3012 1672 3072 haec
1717 3010 1891 3071 crede
1943 3013 2274 3088 magistrum

322 3092 571 3163 Dicere,
617 3089 859 3149 sorbitio
904 3093 1057 3152 tollit
1099 3111 1268 3169 quem
1312 3094 1434 3153 dira
1485 3097 1710 3154 cicutae
1748 3128 1832 3140 —-

323 3169 452 3238 Quo
496 3168 722 3228 fretus?
765 3173 857 3231 dic
901 3190 935 3231 o
976 3177 1162 3250 magni
1207 3177 1428 3253 pupille
1471 3177 1701 3236 Pericli.

323 3248 561 3305 Scilicet
603 3252 889 3326 ingenium
936 3264 994 3312 et
1036 3274 1228 3315 rerum
1272 3260 1571 3335 prudentia
1626 3260 1805 3319 velox

323 3325 474 3381 Ante
519 3330 671 3400 pilos
715 3335 902 3407 venit,
955 3335 1196 3397 dicenda
1243 3342 1603 3418 tacendaque
1656 3343 1859 3402 calles.
2191 3372 2200 3383 ¹
2244 3358 2274 3409 5

323 3400 480 3473 Ergo
525 3407 620 3463 ubi
667 3425 948 3474 commota
992 3417 1181 3477 fervet
1224 3421 1534 3498 plebecula
1577 3423 1718 3500 bile,
