2409 3825
1069 180 1149 241 Vl

280 379 352 417 an
374 369 490 419 tum
514 356 778 417 bracchia
808 367 1190 418 consuescunt
1217 359 1544 436 firmantque
1569 357 1859 420 lacertos?

286 447 343 501 in
366 452 634 519 terraque
658 442 833 519 patris
861 457 961 499 cur
983 439 1159 499 telum
1183 444 1578 520 perpetiuntur

287 525 521 605 optandi
533 523 562 583 ’ἲ
588 543 689 584 cur
709 526 839 601 ipse
862 526 1026 601 sinit,
1050 542 1241 603 neque
1265 526 1447 603 parcit
1467 527 1522 584 in
1545 525 1769 587 hostis?

143 622 256 674 §00
290 610 534 687 denique
568 626 667 666 cur
691 625 988 685 numquam
1013 608 1173 667 caelo
1197 610 1329 668 iacit
1358 608 1603 688 undique
1627 628 1769 689 puro

285 693 542 772 Iuppiter
565 694 621 750 in
646 702 825 751 terras
851 691 1062 750 fulmen
1085 694 1420 771 sonitusque
1445 692 1771 772 profundit?

285 796 356 835 an
379 775 542 837 simul
567 793 634 835 ac
659 776 841 835 nubes
866 792 1209 835 successere
1227 823 1244 853 ,
1267 779 1394 855 ipse
1419 780 1474 836 in
1499 796 1596 836 eas
1622 788 1738 837 tum

287 861 622 935 descendit,
647 853 831 938 prope
854 868 912 918 ut
933 858 1065 919 hinc
1085 859 1186 918 teli
1219 860 1554 920 determinet
1578 860 1766 922 ictus?

285 948 343 1003 in
369 962 520 1003 mare
546 962 653 1021 qua
675 960 847 1022 porro
870 944 1035 1002 mittit
1058 940 1316 1003 ratione?
1341 945 1474 1022 quid
1496 945 1670 1006 undas

141 1042 253 1093 405
280 1031 464 1105 arguit
488 1036 546 1086 et
577 1027 840 1105 liquidam
860 1026 1066 1086 molem
1092 1045 1441 1107 camposque
1464 1032 1700 1090 natantis
1715 1027 1744 1088 ⁶?

282 1122 582 1192 praeterea
612 1115 659 1171 si
681 1110 800 1171 vult
825 1128 1122 1171 caveamus
1147 1111 1395 1172 fulminis
1420 1115 1589 1173 ictum
1605 1160 1623 1191 ,

288 1214 390 1256 cur
412 1196 626 1255 dubitat
649 1196 843 1254 facere
868 1204 927 1255 ut
951 1197 1237 1274 possimus
1264 1213 1502 1256 cernere
1525 1197 1797 1257 missum?

284 1276 335 1340 si
357 1280 748 1357 necopinantis
770 1289 957 1338 autem
978 1279 1098 1338 volt
1123 1281 1445 1359 opprimere
1471 1283 1619 1357 igni,

290 1382 392 1423 cur
413 1373 566 1423 tonat
595 1383 670 1422 ex
694 1362 789 1422 illa
814 1372 974 1441 parte
992 1408 1009 1439 ,
1038 1372 1099 1422 ut
1120 1366 1299 1423 vitare
1323 1381 1594 1443 queamus
1611 1412 1629 1443 ,

141 1459 261 1511 410
294 1466 397 1506 cur
418 1447 686 1507 tenebras
709 1456 839 1506 ante
864 1456 923 1505 et
947 1446 1204 1507 fremitus
1229 1456 1287 1507 et
1308 1465 1585 1508 murmura
1609 1445 1839 1509 concit?

289 1542 349 1591 et
372 1530 534 1591 simul
560 1534 616 1590 in
638 1530 840 1590 multas
864 1532 1038 1607 partis
1064 1532 1158 1608 qui
1185 1531 1423 1591 credere
1449 1534 1641 1609 possis

289 1611 557 1675 mittere?
580 1633 648 1674 au
670 1614 781 1674 hoc
807 1616 959 1684 ausis
982 1632 1279 1693 numquam
1304 1615 1653 1677 contendere
1678 1615 1886 1676 factum
1902 1663 1920 1693 ,

286 1708 348 1758 ut
371 1699 572 1758 flerent
594 1700 740 1757 ictus
763 1715 874 1757 uno
898 1699 1004 1759 sub
1028 1708 1289 1778 tempore
1316 1698 1512 1778 plures
1527 1697 1557 1757 ‘2

288 1791 345 1841 at
367 1792 600 1861 saepest
628 1799 861 1843 numero
886 1782 1097 1842 factum
1124 1784 1359 1861 fierique
1386 1793 1716 1859 necessest,

142 1875 261 1931 415
292 1874 354 1926 ut
374 1865 576 1946 pluere
600 1867 654 1925 in
676 1864 865 1926 multis
894 1867 1223 1944 regionibus
1248 1875 1306 1927 et
1331 1868 1536 1928 cadere
1560 1868 1752 1929 imbris
1768 1915 1786 1946 ,

289 1950 520 2010 fulmina
542 1952 626 2011 sic
650 1969 761 2010 uno
786 1951 908 2010 fleri
932 1951 1037 2011 sub
1062 1960 1322 2031 tempore
1344 1951 1534 2012 multa.

290 2044 584 2114 postremo
611 2052 712 2094 cur
738 2043 930 2094 sancta
952 2034 1118 2094 deum
1141 2034 1373 2095 delubra
1403 2054 1648 2115 suasque

290 2120 521 2178 discutit
541 2118 749 2179 infesto
772 2118 1094 2196 praeclaras
1123 2119 1355 2179 fulmine
1384 2120 1561 2191 sedes¹

290 2212 351 2262 et
381 2203 528 2262 bene
549 2202 697 2262 facta
722 2202 888 2261 deum
911 2202 1118 2279 frangit
1147 2203 1443 2264 simulacra
1465 2206 1700 2283 suisque

140 2297 259 2349 420
291 2286 464 2346 demit
492 2286 823 2363 imaginibus
847 2286 1101 2346 violento
1125 2286 1361 2347 volnere
1385 2285 1700 2348 honorem?

289 2370 515 2448 altaque
543 2388 642 2429 cur
663 2369 996 2450 plerumque
1020 2373 1164 2448 petit
1186 2365 1315 2430 loc‘a
1332 2417 1348 2449 ,
1374 2371 1723 2451 plurimaque
1750 2372 1871 2430 eius
1925 2378 1930 2384 ’

289 2454 576 2514 montibus
605 2456 660 2513 iu
684 2454 910 2514 summis
931 2454 1174 2531 vestigia
1198 2456 1479 2515 cernimus
1501 2451 1690 2532 ignis?

381 2536 547 2610 Quod
574 2547 875 2617 superest,
907 2535 1134 2598 facilest
1156 2556 1231 2598 ex
1253 2538 1340 2598 his
1366 2555 1725 2615 cognoscere
1749 2537 1921 2597 rebus
1938 2582 1956 2615 ,

292 2631 585 2699 presteras
611 2621 738 2681 Grai
763 2637 907 2698 quos
936 2622 1005 2680 ab
1033 2641 1097 2680 re
1119 2623 1513 2681 nominitarunt
1529 2667 1547 2698 ,

147 2714 261 2766 425
289 2709 346 2764 in
370 2722 524 2764 mare
554 2724 663 2784 qua
686 2705 843 2764 missi
866 2707 1092 2765 veniant
1114 2707 1330 2766 ratione
1354 2722 1620 2782 superne.

290 2807 417 2847 nam
441 2789 500 2848 fit
523 2799 583 2849 ut
607 2788 884 2848 interdum
906 2799 1183 2867 tamquam
1207 2789 1453 2849 demissa
1476 2788 1731 2848 columna

289 2875 350 2931 in
372 2890 525 2932 marc
549 2872 621 2932 de
647 2871 808 2933 caelo
833 2871 1173 2949 descendat,
1208 2891 1371 2951 quam
1393 2873 1537 2933 freta
1562 2874 1772 2931 circum

292 2955 625 3017 fervescunt
647 2957 895 3033 graviter
919 2957 1260 3034 spirantibus
1282 2958 1452 3016 incita
1473 2957 1660 3016 flabris
1677 3003 1693 3033 ,

294 3050 354 3100 et
379 3058 770 3119 quaecumque
793 3041 849 3098 in
879 3055 950 3099 eo
974 3049 1090 3099 tum
1114 3043 1223 3099 sint
1250 3040 1535 3120 deprensa
1553 3040 1788 3100 tumultu

149 3133 264 3186 430
287 3126 513 3202 navigia
539 3125 595 3184 in
619 3140 890 3184 summum
912 3123 1136 3183 veniant
1156 3134 1358 3184 vexata
1380 3123 1672 3202 periclum.

293 3207 409 3269 hoc
432 3209 492 3267 iit
514 3208 610 3268 ubi
638 3207 915 3268 interdum
937 3223 1049 3266 non
1072 3208 1190 3285 quit
1212 3209 1299 3267 vis
1322 3208 1490 3267 incita
1518 3209 1671 3265 venti

293 3308 560 3368 rumpere
592 3310 753 3371 quam
786 3292 978 3368 coepit
1004 3291 1245 3367 nubem,
1273 3291 1377 3351 sed
1399 3289 1689 3368 deprimit,
1715 3300 1774 3349 ut
1794 3292 1867 3349 sit

292 3378 350 3433 in
378 3393 530 3435 mare
554 3375 626 3434 de
652 3372 814 3435 caelo
834 3383 1110 3452 tamquam
1133 3373 1378 3434 demissa
1400 3373 1686 3448 columna,

298 3457 558 3536 paulatim
574 3504 591 3535 ,
620 3458 779 3536 quasi
805 3455 935 3534 quid
960 3473 1152 3534 pugno
1176 3455 1521 3534 bracchique
1546 3472 1793 3533 superne

1928 197 1934 212 ‘
1989 183 2110 247 175
