2409 3825
112 640 165 663 “s-

1125 100 1178 162 11

193 282 300 337 900
319 272 563 351 antiquis
596 281 675 331 ex
699 270 990 330 ordinibus
1013 277 1271 349 permota
1292 285 1441 330 nova
1466 289 1530 330 re

324 356 699 418 conciliantur
719 358 796 414 ita
817 364 878 413 ut
902 352 1111 414 debent
1134 352 1387 414 animalia
1409 355 1583 432 gigni.

323 441 528 501 deinde
557 457 626 500 ea
642 484 661 517 ‚
686 438 992 513 sensilibus
1019 439 1113 516 qui
1136 437 1351 498 sensile
1374 455 1550 517 posse
1577 441 1757 499 creari

326 526 711 600 constituunt,
737 539 909 602 porro
940 541 1015 581 ex
1043 522 1167 581 aliis
1190 524 1406 583 sentire
1431 524 1612 583 suetis

325 607 517 669 mollia
540 607 880 668 conficiunt:
914 624 1039 664 nam
1062 624 1267 667 sensus
1291 607 1539 683 iungitur
1564 608 1744 667 omnis

196 701 305 756 905
328 692 651 753 visceribus
682 693 874 751 nervis
898 692 1060 751 venis
1080 736 1098 768 ,
1122 707 1269 770 quae
1296 702 1505 767 cuncta
1523 691 1779 752 videmus

328 776 521 836 mollia
542 774 764 836 mortali
790 777 1111 835 consistere
1136 791 1384 853 corpore
1409 784 1585 835 oreta.

329 862 436 922 sed
459 870 646 921 tamen
669 869 797 921 esto
820 861 928 918 iam
950 876 1129 938 posse
1151 858 1298 918 haec
1321 867 1552 921 aeterna
1576 877 1837 922 manere:

329 963 537 1024 nempe
561 953 747 1004 tamen
774 943 984 1004 debent
1005 951 1099 1002 aut
1122 961 1353 1004 sensum
1375 945 1549 1022 partis
1571 942 1787 1005 habere

332 1039 425 1089 aut
448 1027 615 1109 simili
637 1031 774 1089 totis
802 1026 1133 1088 animalibus
1157 1046 1293 1088 esse
1318 1030 1519 1107 putari.

195 1121 308 1176 910
329 1122 385 1175 at
410 1121 697 1191 nequeant
727 1131 833 1191 per
854 1130 921 1172 se
945 1120 1138 1191 partes
1167 1113 1381 1172 sentire
1405 1131 1653 1173 necesse
1678 1124 1800 1174 est:

274 1251 280 1257 .
329 1215 456 1257 nam
482 1198 626 1256 ratio
653 1216 858 1257 sensus
885 1197 1268 1256 membrorum
1289 1197 1508 1276 respuit
1534 1198 1713 1258 omnis
1730 1244 1748 1275 ‚

330 1299 442 1341 nec
463 1299 658 1341 manus
682 1299 714 1341 a
740 1281 907 1342 nobis
937 1283 1086 1359 potis
1112 1289 1203 1341 est
1230 1291 1457 1341 secreta
1480 1300 1668 1361 neque
1692 1282 1807 1341 ulla

336 1367 598 1445 eorporis
622 1367 1103 1433 omninosensum
1126 1383 1258 1444 pars
1291 1364 1415 1426 sola
1438 1375 1660 1426 tenere.

331 1448 601 1527 linquitur
625 1458 684 1509 ut
708 1451 843 1509 totis
867 1450 1236 1509 animantibus
1266 1448 1688 1511 adsimulentur.

194 1540 307 1595 915
331 1535 415 1593 sie
437 1533 633 1594 itidem
658 1552 803 1612 qnae
831 1536 1102 1594 sentimus
1127 1535 1340 1594 sentire
1365 1543 1706 1612 necessest,

331 1617 486 1677 vitali
511 1627 575 1678 ut
594 1620 819 1697 possint
846 1622 1170 1679 consentire
1194 1617 1442 1696 undique
1471 1636 1664 1678 sensu.

334 1703 428 1781 qui
455 1712 728 1782 poterunt
747 1704 918 1780 igitur
938 1721 1124 1767 rerum
1148 1701 1453 1781 primordia
1483 1701 1594 1761 diei

334 1794 392 1846 et
418 1786 521 1846 leti
546 1788 728 1846 vitare
760 1789 882 1846 vias
900 1832 918 1864 ‚
948 1785 1202 1846 animalia
1227 1790 1355 1846 cuin
1381 1787 1493 1846 sint
1510 1832 1529 1863 ‚

334 1880 504 1950 atque
532 1870 787 1931 animalia
808 1872 920 1931 sint
946 1869 1279 1944 mortalibus
1306 1888 1416 1931 una
1440 1869 1799 1952 eademque?

194 1962 311 2016 920
337 1954 489 2032 quod
512 1966 701 2016 tamen
725 1966 784 2016 ut
806 1958 1063 2034 possint,
1088 1965 1144 2016 at
1169 1966 1342 2016 coetu
1376 1956 1738 2037 concilioque

333 2038 409 2097 nil
440 2039 651 2099 facient
674 2049 903 2118 praeter
925 2039 1157 2118 volgum
1183 2041 1517 2119 turbamque
1544 2045 1874 2102 animantum
1893 2090 1913 2120 ‚

335 2123 599 2200 scilicet,
624 2133 683 2183 ut
706 2134 997 2203 nequeunt
1018 2124 1279 2185 homines
1306 2135 1553 2185 armenta
1576 2127 1850 2206 feraeque

335 2209 484 2267 inter
510 2226 646 2267 sese
676 2206 847 2267 ullam
869 2226 991 2269 rem
1015 2210 1258 2287 gignere
1285 2211 1699 2270 conveniundo‘

337 2291 490 2370 quod
522 2293 571 2351 si
604 2291 753 2351 forte
776 2310 940 2352 suum
965 2293 1245 2353 dimittunt
1269 2311 1515 2373 corpore
1539 2314 1770 2356 sensum

199 2383 312 2435 925
337 2386 507 2454 atque
534 2375 701 2435 alium
727 2378 986 2456 capiunt,
1016 2376 1150 2455 quid
1174 2395 1320 2455 opus
1352 2377 1458 2438 fuit
1480 2379 1720 2439 adtribui
1753 2380 1809 2439 id
1838 2380 1993 2459 quod

342 2456 697 2519 detrahitur?
721 2470 836 2521 tum
863 2470 1198 2540 praeterea,
1225 2461 1378 2541 quod
1400 2463 1646 2539 fugimus
1675 2472 1840 2540 ante,

340 2553 618 2622 quatenus
640 2546 694 2603 in
719 2543 910 2623 pullos
941 2543 1192 2606 animalis
1218 2548 1433 2606 vertier
1454 2563 1563 2605 ova

340 2630 625 2689 cernimus
649 2627 881 2688 alituum
896 2674 914 2707 ‚
938 2631 1267 2709 vermisque
1294 2630 1580 2689 effervere
1599 2674 1619 2707 ,
1643 2639 1852 2689 terram

337 2714 773 2792 intempestivos
807 2731 977 2791 quom
1005 2725 1175 2794 putor
1201 2715 1358 2792 cepit
1383 2714 1458 2774 ob
1483 2714 1678 2774 imbris
1696 2759 1713 2789 ,

200 2802 314 2857 930
336 2798 492 2857 scire
519 2795 659 2857 licet
686 2799 843 2875 gigni
869 2816 1049 2876 posse
1074 2817 1149 2858 ex
1175 2816 1289 2857 non
1314 2798 1566 2858 sensibu'
1592 2817 1822 2859 sensus.

424 2878 593 2953 Quod
614 2883 663 2941 si
687 2881 837 2941 forte
863 2881 1065 2960 aliquis
1091 2882 1245 2942 dicet
1262 2929 1279 2959 ‚
1308 2882 1630 2960 dumtaxat,
1663 2884 1798 2941 oriri

338 2982 520 3044 posse
552 2984 628 3025 ex
648 2982 760 3025 non
788 2985 961 3027 sensu
993 2985 1225 3027 sensum
1248 2963 1658 3044 mutabilitate,

339 3058 435 3108 aut
458 3047 648 3128 aliquo
675 3059 957 3128 tamquam
983 3059 1144 3129 partu
1176 3050 1333 3130 quod
1356 3051 1613 3129 proditur
1635 3061 1796 3112 extra
1813 3097 1831 3128 ‚

338 3131 474 3193 huie
501 3135 639 3194 satis
661 3133 802 3193 illud
826 3136 934 3195 erit
961 3134 1188 3212 planum
1215 3134 1411 3195 facere
1435 3145 1606 3214 atque
1631 3136 1916 3214 probare,

202 3224 314 3278 935
342 3234 459 3277 non
486 3217 608 3277 lieri
631 3229 852 3297 partum
874 3220 983 3278 nisi
1012 3217 1270 3278 concilio
1286 3229 1415 3279 ante
1447 3228 1651 3280 coacto
1670 3265 1687 3295 ,

337 3319 453 3361 nec
483 3302 786 3381 quiequam
813 3302 1140 3362 commutari
1164 3303 1288 3362 sine
1323 3302 1647 3363 conciliatu.

338 3386 623 3466 principio
646 3396 936 3465 nequeunt
960 3385 1130 3462 ullius
1155 3388 1415 3463 eorporis
1441 3405 1575 3446 esse

2084 102 2164 166 55
