2409 3825
232 171 314 235 90
989 214 1002 225 ,
1198 167 1279 227 ιιι

397 339 691 416 restinxit,
716 336 915 399 stellas
939 346 1173 397 exortus
1196 345 1259 395 ut
1280 335 1569 399 aetherius
1594 336 1706 397 sol.

400 433 624 483 tuvero
650 421 931 482 dubitabis
949 430 1015 483 „et
1036 419 1409 498 indignabere
1435 416 1640 481 obire?

398 516 616 567 mortua
638 507 730 566 cui
751 507 866 566 vita
887 514 978 567 est
1000 522 1183 583 prope
1208 506 1314 563 iam
1338 505 1473 564 vivo
1495 515 1666 582 atque
1689 503 1941 582 videnti,

233 600 368 656 1045
398 593 495 670 qui
518 607 719 652 somno
742 597 960 669 partem
979 590 1250 649 maiorem
1275 590 1527 649 conteris
1551 590 1680 649 aevi
1695 635 1714 666 ,

400 684 459 736 et
480 673 725 752 vigilans
751 675 946 734 stertis
969 691 1081 735 nec
1103 673 1321 733 somnia
1346 689 1588 733 cernere
1614 691 1849 750 cessas,

398 757 817 837 sollicitamque
844 758 1001 834 geris
1026 773 1190 817 cassa
1214 755 1512 817 formidine
1535 766 1817 835 mentem,

398 861 509 908 nec
531 843 795 920 reperire
815 849 985 919 potes
1010 839 1111 899 tibi
1136 840 1271 919 quid
1295 841 1370 899 sit
1394 858 1573 919 saepe
1593 840 1758 918 mali,
1785 857 1916 902 cnm
1992 864 1999 870 ·

398 925 590 986 ebrius
613 927 841 1002 urgeris
861 922 1051 984 multis
1073 927 1249 985 miser
1269 924 1518 1002 undique
1543 927 1697 984 curis

231 1020 368 1072 1050
397 1018 568 1089 atque
590 1010 756 1068 animi
781 1009 1006 1070 incerto
1030 1006 1253 1069 fluitans
1279 1026 1478 1069 errore
1500 1007 1763 1086 vagaris)

484 1092 544 1151 Si
567 1100 811 1172 possent
833 1091 1091 1153 homines
1107 1137 1125 1169 ,
1149 1092 1392 1171 proinde
1415 1110 1484 1152 ac
1506 1094 1720 1154 sentire
1741 1090 2008 1151 videntur

399 1175 621 1256 pondus
645 1177 840 1237 inesse
861 1177 1045 1236 animo
1062 1221 1079 1253 ,
1106 1175 1262 1254 quod
1291 1195 1359 1236 33
1381 1177 1661 1254 gravitate
1686 1175 1921 1253 fatiget,

400 1279 434 1320 e
458 1260 662 1338 quibus
687 1259 743 1319 id
766 1260 859 1319 liat
882 1260 1069 1320 causis
1093 1277 1322 1338 quoque
1357 1277 1605 1321 noscere
1630 1269 1688 1320 et
1710 1258 1858 1319 unde

401 1352 551 1404 tanta
573 1343 702 1403 mali
723 1353 1002 1422 tamquam
1026 1344 1213 1404 moles
1234 1347 1290 1403 in
1315 1354 1558 1423 pectore
1584 1352 1843 1419 constet,

231 1438 367 1491 1055
401 1427 534 1488 haut
556 1429 631 1488 ita
655 1428 826 1487 vitam
846 1436 1118 1504 agerent,
1144 1437 1207 1487 ut
1234 1447 1385 1488 nunc
1407 1426 1744 1507 plerumque
1767 1426 2027 1488 videmus

398 1510 530 1590 quid
553 1512 662 1573 sibi
684 1514 925 1590 quisque
949 1512 1089 1572 velit
1113 1513 1342 1572 nescire
1361 1556 1379 1587 ,
1406 1521 1464 1571 et
1484 1530 1765 1590 quaerere
1792 1529 2023 1590 semper

399 1605 741 1655 commutare
763 1594 985 1677 locum,
1013 1597 1174 1673 quasi
1199 1612 1343 1655 onus
1369 1595 1663 1674 deponere
1686 1596 1889 1675 possit.

398 1680 516 1739 exit
536 1697 715 1758 saepe
737 1679 892 1739 foras
915 1681 1132 1756 magnis
1156 1697 1231 1739 ex
1253 1678 1493 1739 aedibus
1517 1678 1618 1739 ille
1634 1723 1672 1754 ,.

395 1781 529 1823 esse
556 1761 704 1822 domi
732 1780 900 1841 quem
923 1772 1341 1842 pertaesumst,
1366 1763 1674 1842 subitoque
1703 1763 1987 1838 revertit,

230 1857 367 1910 1060
393 1848 607 1926 quippe
637 1846 778 1906 foris
801 1845 919 1905 nilo
940 1845 1144 1906 melius
1168 1849 1266 1925 qui
1290 1847 1497 1906 sentiat
1520 1865 1674 1908 esse.

396 1932 570 1990 currit
589 1948 767 2007 agens
794 1947 1026 1990 mannos
1051 1930 1121 1990 ad
1142 1930 1335 1992 villam
1365 1932 1810 2010 praecipitanter
1827 1977 1846 2008 ,

392 2012 658 2073 auxilium
681 2015 851 2073 tectIs
876 2016 1035 2091 quasi
1059 2015 1212 2074 ferre
1242 2014 1569 2076 ardentibus
1593 2016 1839 2077 instans:

393 2097 598 2157 oscitat
620 2096 909 2175 extemplo
929 2142 947 2174 ,
976 2099 1165 2174 tetigit
1200 2116 1328 2158 cum
1354 2098 1542 2158 limina
1566 2097 1738 2158 villae
1754 2143 1772 2174 ,

393 2189 486 2240 aut
507 2180 623 2240 abit
643 2183 698 2239 in
721 2197 976 2241 somnum
1000 2182 1189 2259 gravis
1212 2191 1382 2260 atque
1409 2181 1617 2242 oblivia
1641 2185 1898 2260 quaerit,

226 2274 361 2327 1065
393 2273 487 2324 aut
509 2264 677 2323 etiam
699 2282 1016 2343 properans
1039 2265 1239 2325 urbem
1270 2266 1413 2344 petit
1438 2275 1607 2343 atque
1635 2267 1854 2326 revisit.

391 2346 506 2406 hoc
526 2366 596 2407 se
619 2349 862 2427 quisque
882 2347 1051 2408 modo
1077 2348 1253 2425 fugit:
1277 2358 1333 2408 at
1356 2366 1527 2427 quom
1542 2395 1560 2427 ,
1591 2350 1852 2427 scilicet,
1877 2361 1937 2411 ut
1963 2353 2065 2430 lit,

393 2430 651 2510 effugere
674 2431 807 2493 haut
830 2434 980 2511 potis
1005 2441 1128 2510 est,
1154 2434 1389 2509 ingratis
1413 2432 1610 2493 haeret
1633 2442 1692 2493 et
1717 2433 1836 2492 odit

392 2524 734 2594 propterea,
759 2517 940 2576 morbi
964 2518 1095 2594 quia
1119 2533 1347 2590 causam
1375 2534 1491 2576 non
1511 2525 1670 2577 tenet
1691 2534 1900 2594 aeger;

392 2616 557 2677 quam
581 2599 727 2660 bene
752 2600 801 2660 si
822 2600 1043 2677 videat,
1065 2601 1177 2660 iam
1198 2599 1374 2661 rebus
1398 2603 1640 2678 quisque
1673 2599 1895 2662 relictis

223 2690 361 2745 1070
384 2693 633 2742 naturam
654 2684 892 2761 primum
918 2684 1141 2744 studeat
1166 2701 1529 2761 cognoscere
1551 2701 1740 2743 rerum
1758 2729 1776 2764 ,

392 2770 668 2846 temporis
690 2768 909 2827 aeterni
933 2767 1193 2844 quoniam
1211 2812 1228 2843 ,
1261 2784 1374 2826 non
1396 2769 1559 2828 unius
1582 2766 1757 2827 borae
1782 2813 1798 2842 ,

390 2850 692 2928 ambigitur
717 2859 895 2912 status
912 2895 930 2928 ,
955 2852 1012 2910 in
1038 2867 1150 2929 quo
1173 2853 1250 2911 sit
1277 2850 1613 2911 mortalibus
1638 2854 1818 2911 omnis

389 2943 544 2996 aetas
562 2980 580 3012 ,
604 2943 738 3014 post
757 2944 998 2995 mortem
1018 2953 1166 3012 quae
1186 2944 1366 2996 restat
1391 2953 1634 3014 cumque
1658 2935 1949 2996 manenda.

472 3018 735 3097 Denique
756 3028 910 3079 tanto
935 3035 1116 3098 opere
1140 3020 1197 3078 in
1221 3018 1405 3080 dubiis
1430 3019 1718 3099 trepidare
1742 3018 1977 3098 periclis

225 3108 358 3163 1075
393 3119 538 3179 quae
561 3100 708 3161 mala
724 3119 831 3163 nos
854 3102 1067 3179 subigit
1088 3102 1222 3163 vitai
1244 3112 1394 3164 tanta
1418 3100 1670 3182 cupido?

394 3195 551 3245 certa
573 3184 801 3264 quidem
822 3187 948 3246 finis
970 3187 1119 3246 vitae
1146 3185 1481 3247 mortalibus
1502 3186 1722 3265 adstat,

390 3287 500 3329 nec
524 3267 759 3328 devitari
788 3267 966 3329 letum
987 3279 1161 3348 pote,
1190 3272 1324 3349 quin
1348 3269 1640 3332 obeamus.

320 3337 691 3429 praeterea
710 3369 1003 3412 versamur
1023 3352 1235 3413 ibidem
1257 3362 1428 3431 atque
1450 3355 1703 3415 insumus
1733 3372 1920 3434 usque

390 3453 499 3494 nec
522 3451 667 3494 nova
683 3434 929 3494 vivendo
952 3435 1285 3513 procuditur
1307 3435 1417 3495 ulla
1443 3436 1740 3517 voluptas:

340 3515 439 3539 ὤ

2030 3420 2297 3451 ——-·-··-·‘
