2409 3825
718 178 844 233 ιιι.
921 177 1285 230 caumas.
1331 176 1479 228 1-3.
1972 168 2058 235 45

117 312 371 399 proelio
383 361 404 397 ,
451 311 626 397 quod
666 311 839 398 apud
880 314 1133 380 Thebas
1176 314 1361 398 fecit,
1406 336 1554 402 Q
1597 316 1862 384 Boeotis
1905 319 2060 383 sub·
2135 322 2146 367 ἕ

118 397 306 483 SiQ
315 398 620 466 venisset.
693 419 970 483 namque
1012 399 1084 463 in
1126 421 1201 464 eo
1233 400 1504 465 victoria
1529 399 1765 467 fidente
1804 424 2053 469 summo
2083 416 2116 466 2

118 482 285 549 duce
327 481 653 568 Agesilao,
699 482 772 546 fu
855 484 943 548 tis
982 483 1114 555 iam
1156 483 1240 548 ab
1282 505 1359 550 eo
1399 484 1816 573 conducticiis
1858 490 2058 552 cater-

115 567 239 650 vis,
285 566 602 650 reliquam
644 566 777 651 pha
802 588 1036 652 angem
1078 567 1222 633 loco
1266 569 1474 634 vetuit
1526 568 1747 635 cedere
1791 571 2056 636 obnixo-

112 654 715 802 {affiffiff
727 700 748 735 ’
779 652 1131 801 ῑὲῐὲἰὲἓίῃ
1145 652 2056 824 ᾚῗεὼίῗὲθέἓῗωέἔὲἰξῖῗ

115 819 306 904 gredi
358 840 496 885 non
550 823 649 885 est
690 841 885 885 ausus
940 841 1217 903 suosque
1270 821 1403 886 iam
1445 821 1847 888 incurrentes
1898 824 2059 888 tuba

114 902 468 976 revocavit.
554 903 680 968 hoc
724 925 924 988 usque
962 926 1038 969 eo
1082 907 1222 969 tota
1251 903 1520 970 Graecia
1560 906 1736 971 fama
1777 907 2052 972 celebra·
2081 919 2113 968 3

113 991 263 1053 tum
318 991 444 1071 est,
501 991 575 1053 ut
627 988 741 1053 illo
810 991 985 1053 statu
1038 987 1350 1054 Chabrias
1403 989 1526 1054 sibi
1582 992 1861 1057 statuam
1914 991 2056 1056 fieri

115 1072 434 1154 voluerit,
489 1092 652 1155 quae
704 1072 960 1157 publice
1014 1073 1074 1137 ei
1115 1072 1196 1137 ab
1238 1073 1743 1141 Atheniensibus
1796 1075 1868 1139 in
1910 1075 2054 1140 foro

116 1156 479 1222 constituta
520 1159 633 1221 est.
707 1177 787 1221 ex
824 1178 952 1240 quo
995 1156 1240 1223 factum
1282 1161 1383 1223 est
1407 1161 1483 1222 ut
1507 1162 1735 1244 postea
1775 1159 2056 1227 athletae

115 1240 448 1324 ceterique
493 1239 767 1305 artifices
796 1240 877 1305 iis
909 1240 1181 1307 statibus
1208 1241 1279 1306 in
1307 1242 1535 1307 statuis
1562 1242 1880 1328 ponendis
1921 1249 2056 1310 ute-

115 1329 378 1405 rentur,
466 1324 653 1388 uibus
696 1324 1033 1389 victoriam
1075 1330 1292 1391 essent
1330 1325 1563 1410 adepti.

293 1407 434 1475 Cha
476 1408 604 1473 rias
663 1412 878 1474 autem
933 1408 1138 1474 multa
1190 1411 1262 1473 in
1316 1408 1580 1495 Europa
1631 1411 1801 1476 bella
1855 1410 2053 1477 admi·
2088 1410 2130 1476 2

114 1492 454 1576 nisa-avit,
498 1515 644 1558 cum
688 1492 818 1558 dux
859 1493 1357 1558 Atheniensium
1400 1497 1597 1576 esset3
1640 1495 1713 1558 in
1753 1497 2054 1580 Aegypto

71 1638 78 1646 .
117 1599 241 1644 sua
295 1580 523 1662 sponte
574 1578 802 1662 gessit:
866 1599 1032 1642 ‚nam
1095 1576 1497 1643 Nectenebin
1560 1577 1849 1654 adiutum
1910 1601 2057 1664 pro-

116 1661 330 1728 fectus
384 1682 454 1726 re
548 1682 657 1726 um
712 1661 773 1726 ei
824 1661 1176 1727 constituit.
1258 1661 1414 1727 fecit
1452 1661 1623 1728 idem
1669 1661 1866 1747 Cypri
1942 1663 2054 1728 sed
2081 1676 2114 1725 2

117 1745 382 1831 publice
436 1767 475 1809 a
581 1745 1086 1810 Atheniensibus
1137 1745 1479 1831 Euagorae
1532 1718 1788 1811 adiutor
1849 1714 2056 1830 datus,

117 1829 543 1981 sm
566 1829 722 1999 {3222
737 1829 2057 2002 sfflxa.mg·.m:fflmm

120 2003 283 2067 sunt
320 1997 555 2084 adepti.
628 1999 889 2092 interirn
929 1998 1172 2064 bellum
1214 1999 1385 2064 inter
1411 2000 1768 2085 Aegyptios
1812 2005 1878 2067 et
1903 2000 2054 2065 Per·
2084 2014 2115 2062 3

120 2106 229 2151 aas
259 2083 608 2149 conflatum
637 2087 752 2148 est.
824 2083 1253 2148 Athenienses
1293 2104 1439 2148 cum
1468 2084 1821 2150 Artaxerxe
1861 2085 2057 2150 socie·

119 2172 326 2235 tatem
365 2166 708 2251 habebant,
737 2166 1228 2233 Lacedaemonii
1263 2188 1410 2234 cum
1437 2168 1794 2253 Aegyptiis,
1836 2191 1877 2234 a
1918 2170 2057 2253 qui·

122 2252 249 2319 bus
291 2272 562 2338 magnas
604 2250 872 2335 praedas
915 2252 1274 2336 Agesilaus,
1318 2274 1432 2317 rex
1475 2273 1714 2337 eorum,
1758 2253 2055 2319 faciebat.

104 2336 194 2402 ’id
233 2337 495 2402 intuens
526 2334 853 2420 Chabrias,
897 2357 1044 2417 cum
1085 2336 1157 2400 in
1198 2357 1269 2401 re
1308 2336 1491 2402 nulla
1532 2338 1837 2423 Agesilao
1880 2337 2056 2403 cede-

98 2425 253 2506 ret,
319 2442 437 2485 sua
493 2442 524 2485 s
571 2425 725 2485 onte
788 2442 897 2485 eos
956 2419 1245 2486 adiutum
1305 2420 1632 2505 profectus
1697 2422 2057 2506 Aegyptiae

122 2505 318 2572 classi
357 2526 512 2589 prae
542 2504 667 2587 uit,
709 2504 1110 2588 pedestribus
1152 2503 1355 2588 copiis
1392 2505 1754 2589 Agesilaus.

296 2588 465 2655 'l'um
482 2587 791 2673 praefecti
810 2610 879 2653 re
932 2588 945 2602 '
1003 2587 1236 2653 Persae
1256 2588 1505 2673 legatos
1532 2588 1847 2654 miserunt
1862 2589 2061 2656 Athe-
2089 2589 2130 2655 3

121 2694 244 2740 nas
273 2676 590 2758 questum,
636 2671 810 2757 quod
837 2672 889 2739 C
937 2672 1148 2737 abrias
1191 2671 1529 2737 adversum
1569 2691 1788 2769 regem
1815 2672 2059 2738 bellum

170 2761 381 2824 ereret
442 2778 588 2823 cum
640 2756 1008 2842 Aegyptiis.
1105 2755 1535 2824 Athenienses
1598 2755 1767 2821 (hem
1821 2760 2059 2823 certam

36 2843 37 2858 ¹
66 2905 73 2910 .
121 2778 445 2910 {habi-iae
487 2842 1020 2926 praestituerunt,
1064 2847 1259 2926 quam
1301 2845 1450 2905 ante
1493 2840 1753 2907 domum
1794 2842 1921 2907 nisi
1963 2864 2059 2908 re-

52 2996 59 3004 ,
121 2926 357 3009 disset,
431 2926 659 3011 capitis
721 2947 793 2991 se
853 2925 1036 2991 illum
1101 2924 1514 2992 damnaturos
1575 2926 2057 2992 denuntiarunt.

97 3011 251 3091 ‚hoc
305 3010 417 3075 ille
472 3010 703 3075 nuntio
760 3009 1051 3075 Athenas
1114 3009 1332 3095 rediit,
1399 3031 1609 3095 neque
1673 3010 1765 3075 ibi
1819 3010 2057 3077 diutius

97 3098 227 3174 ,est
265 3081 552 3161 moratus
563 3115 601 3179 ,·
671 3115 819 3160 uam
859 3094 987 3160 fuit
1026 3115 1303 3161 necesse.
1387 3116 1542 3160 non·
1567 3096 1739 3181 enim
1780 3095 2058 3161 libenter
2084 3108 2133 3160 2·

124 3182 267 3246 erat
320 3182 470 3245 ante
525 3200 646 3245 ocu
673 3200 746 3245 os
807 3201 1069 3244 suorum
1133 3179 1401 3263 civium,
1458 3180 1631 3262 quod
1686 3183 1751 3244 et
1802 3178 2060 3246 vivebat

78 3311 89 3320 ·
123 3264 303 3330 laute
344 3267 413 3330 et
439 3262 622 3329 indul
669 3264 819 3330 ebat
846 3263 969 3329 sibi
997 3262 1353 3345 liberalius,
1398 3285 1592 3348 quam
1634 3267 1707 3329 ut
1748 3263 2058 3328 invidiam

122 3347 311 3432 vulgi
350 3353 568 3433 posset
597 3282 928 3443 effingere..
968 3351 1066 3412 est
1107 3349 1280 3412 enim
1309 3346 1432 3412 hoc
1460 3368 1800 3414 commune
1825 3347 2053 3442 vitium
2082 3357 2113 3404 3

124 3431 384 3519 unguis
454 3432 798 3517 liberisque
874 3431 1269 3516 c1vitatibus,
1352 3434 1428 3498 ut
1495 3430 1740 3497 invidia
1810 3430 2053 3516 glonae
