2409 3825
1175 175 1260 239 111

377 340 685 401 multorum
714 341 889 401 exitio
920 340 1184 421 perdocti
1216 341 1369 420 quod
1390 360 1584 404 sumus
1606 354 1754 404 ante.

382 425 630 505 denique
656 444 791 504 cur,
815 425 1101 485 hominem
1129 444 1257 486 cum
1286 427 1401 487 vini
1422 430 1510 488 vis
1540 430 1862 506 penetravit

241 517 356 577 475
385 513 534 572 acris
561 512 701 570 etin
726 528 904 570 venas
934 509 1204 571 discessit
1227 511 1434 572 diditus
1457 511 1658 589 ardor,

384 596 757 674 consequitur
778 595 1025 672 gravitas
1049 595 1427 655 membrorum
1441 640 1459 673 ,
1485 595 1929 676 praepediuntur

386 698 550 740 crura
578 678 897 757 vacillanti,
928 679 1202 740 tardescit
1231 679 1457 757 lingua,
1484 679 1671 742 madet
1694 698 1888 759 mens,
1922 724 1929 731 -

384 773 517 824 nant
542 763 730 841 oculi,
764 761 978 823 clamor
999 762 1283 842 singnltus
1306 766 1489 841 iurgia
1509 763 1795 843 gliscunt,

384 857 444 908 et
465 851 573 907 iam
598 858 792 909 cetera
820 848 892 907 de
916 866 1136 925 genere
1157 847 1273 909 hoc
1296 866 1688 928 quaecumque
1708 858 2019 927 secuntur,

242 938 362 993 480
386 950 488 992 cur
511 951 578 993 ea
603 942 764 1010 sunt,
795 934 906 992 nisi
933 932 1086 1010 quod
1114 949 1352 994 vemens
1375 931 1645 994 violentia
1671 935 1788 992 vini

387 1017 727 1076 conturbare
749 1018 986 1076 animam
1017 1019 1317 1077 consuevit
1342 1034 1588 1095 corpore
1612 1019 1669 1076 in
1692 1015 1865 1098 ipso?

382 1110 440 1162 at
470 1119 862 1180 quaecumque
888 1111 1101 1180 queunt
1126 1102 1451 1162 conturbari
1478 1104 1649 1180 inque
1673 1102 1857 1180 pediri
1872 1147 1890 1179 ‚

383 1186 701 1263 significant
716 1231 734 1264 ,
764 1185 935 1264 paulo
959 1187 1008 1246 si
1033 1185 1226 1246 durior
1243 1187 1533 1246 insinuarit

386 1286 555 1330 causa
571 1315 588 1347 ‚
616 1267 743 1330 fore
764 1279 825 1329 ut
849 1279 1087 1349 pereant
1115 1288 1262 1331 aevo
1289 1272 1506 1349 privata
1535 1268 1744 1330 futuro.

244 1359 358 1414 485
386 1355 519 1431 quin
543 1354 710 1414 etiam
738 1353 929 1415 subito
957 1356 1015 1413 vi
1047 1356 1228 1415 morbi
1253 1373 1432 1434 saepe
1464 1364 1698 1414 coactus

382 1447 513 1498 ante
535 1437 739 1500 oculos
761 1437 968 1516 aliquis
990 1449 1221 1500 nostros
1237 1485 1255 1518 ,
1285 1449 1345 1499 ut
1368 1437 1616 1500 fulminis
1638 1440 1755 1499 ictu
1773 1484 1790 1516 ,

386 1521 631 1589 concidit
656 1532 713 1583 et
736 1539 966 1600 spumas
990 1525 1138 1602 agit,
1164 1525 1400 1601 ingemit
1426 1532 1484 1583 et
1502 1525 1690 1583 tremit
1712 1531 1867 1583 artus
1884 1568 1901 1600 ,

387 1605 631 1684 desipit,
657 1616 912 1668 extentat
933 1625 1145 1668 nervos
1161 1652 1179 1685 ,
1213 1616 1514 1686 torquetur
1529 1652 1547 1684 ‚
1571 1605 1797 1668 anhelat

385 1690 772 1752 inconstanter
785 1736 803 1768 ‚
831 1694 975 1766 etjn
997 1692 1258 1752 iactando
1279 1692 1528 1752 membra
1549 1691 1764 1769 fatigat.

243 1780 361 1834 490
389 1775 643 1833 nimirum
659 1821 677 1853 ,
704 1777 834 1854 quia
855 1778 943 1837 vis
967 1776 1150 1836 morbi
1181 1776 1451 1837 distracta
1474 1793 1582 1855 per
1607 1784 1761 1836 artus

389 1858 609 1937 turbat,
639 1878 821 1938 agens
842 1863 1079 1920 animam
1102 1870 1361 1941 spumat,
1388 1860 1550 1940 quasi
1578 1861 1634 1920 in
1655 1877 1909 1939 aequore
1935 1860 2089 1922 salso

384 1953 679 2003 ventorum
703 1944 904 2006 validis
933 1945 1269 2007 fervescunt
1289 1946 1507 2005 viribus
1531 1945 1733 2006 undae.

384 2030 717 2106 exprimitur
740 2045 914 2108 porro
943 2031 1188 2107 gemitus
1207 2077 1225 2109 ,
1257 2032 1387 2109 quia
1409 2030 1659 2090 membra
1689 2028 1889 2090 dolore

384 2112 718 2173 adficiuntur
736 2159 754 2191 ‚
787 2121 845 2174 et
866 2115 1091 2174 omnino
1117 2113 1271 2193 quod
1292 2116 1507 2175 semina
1533 2116 1698 2175 vocis

240 2203 357 2257 495
384 2197 665 2274 eiciuntur
686 2208 745 2257 et
774 2214 876 2258 ore
899 2197 1055 2258 foras
1081 2197 1395 2276 glomerata
1426 2198 1684 2259 feruntur

383 2298 494 2357 qua
516 2284 674 2359 quasi
700 2290 1048 2343 consuerunt
1072 2291 1132 2343 et
1159 2292 1290 2344 sunt
1314 2284 1522 2344 munita
1549 2283 1678 2342 viai.

383 2363 723 2445 desipientia
744 2366 840 2444 fit,
867 2368 997 2445 quia
1027 2368 1115 2427 vis
1138 2369 1305 2427 animi
1327 2376 1500 2445 atque
1527 2368 1727 2427 animai

386 2449 751 2510 conturbatur
771 2459 861 2527 et,
886 2459 947 2510 ut
973 2450 1178 2528 docui,
1212 2451 1393 2513 divisa
1421 2468 1684 2512 seorsum

384 2533 714 2594 disiectatur
743 2533 949 2594 eodem
971 2532 1074 2595 illo
1097 2536 1367 2596 distracta
1388 2551 1636 2595 veneno.

240 2624 359 2679 500
384 2616 515 2677 inde
538 2618 637 2678 ubi
664 2620 773 2678 iam
792 2619 976 2679 morbi
996 2619 1225 2680 reflexit
1249 2637 1419 2680 causa
1433 2664 1452 2696 ‚
1474 2618 1737 2696 reditque

384 2703 441 2760 in
463 2699 713 2763 latebras
735 2720 874 2763 acer
896 2705 1151 2782 corrupti
1182 2704 1445 2783 corporis
1469 2719 1664 2779 umor,

381 2794 498 2844 tum
522 2788 683 2864 quasi
704 2785 1016 2847 vaccillans
1038 2787 1279 2867 primum
1310 2786 1606 2864 consurgit
1633 2795 1693 2846 et
1718 2787 1897 2846 omnis

383 2867 655 2948 paulatim
681 2869 828 2931 redit
851 2872 909 2930 in
931 2890 1139 2934 sensus
1165 2874 1522 2950 animamque
1551 2879 1831 2950 receptat.

382 2953 530 3014 haec
557 2954 730 3032 igitur
753 2957 923 3015 tantis
946 2956 1045 3016 ubi
1068 2956 1285 3016 morbis
1310 2972 1556 3034 corpore
1579 2957 1639 3015 in
1666 2957 1795 3034 ipso

238 3046 357 3102 505
385 3037 666 3098 iactentur
688 3040 1030 3118 miserisque
1052 3039 1239 3100 modis
1262 3039 1528 3101 distracta
1550 3037 1817 3100 laborent
1832 3084 1850 3116 ‚

381 3139 484 3181 cur
508 3122 710 3183 eadem
734 3121 924 3185 credis
946 3126 1071 3185 sine
1097 3140 1345 3204 corpore
1365 3125 1424 3183 in
1446 3129 1586 3183 aere
1608 3132 1812 3203 aperto
1909 3120 1912 3124 ’

384 3223 514 3265 cum
541 3205 747 3269 validis
767 3209 956 3268 ventis
977 3217 1228 3269 aetatem
1252 3207 1471 3287 degere
1503 3203 1726 3285 posse?

380 3299 442 3350 et
467 3292 734 3370 quoniam
760 3301 1013 3353 mentem
1036 3293 1222 3353 sanari
1237 3337 1256 3370 ,
1283 3307 1497 3371 corpus
1519 3301 1580 3352 ut
1602 3308 1841 3369 aegrum
1856 3333 1876 3368 ,

380 3375 670 3435 cernimus
697 3384 756 3436 et
778 3373 936 3436 flecti
957 3374 1241 3436 medicina
1270 3391 1448 3454 posse
1471 3373 1732 3436 videmus
1747 3419 1765 3451 ‚

234 3469 354 3521 510
374 3457 433 3519 id
463 3476 696 3539 quoque
719 3460 1010 3537 praesagit
1032 3457 1332 3519 mortalem
1352 3461 1553 3518 vivere
1582 3466 1852 3517 mentem.

2142 179 2228 246 75
