2409 3825
296 213 344 278 4
912 226 965 275 1.
1021 221 1426 274 MILTIADES.
1468 217 1518 267 3.
1559 216 1611 268 4.

298 385 419 428 sua
479 364 881 429 retenturum
952 361 1303 444 potestate,
1380 356 1437 424 si
1499 355 1721 420 amicis
1793 355 1927 421 suis
1993 355 2240 441 oppida

297 446 541 512 tuenda
590 443 987 527 tradidisset,
1046 443 1280 527 quibus
1333 462 1401 506 se
1468 460 1773 524 oppresso
1841 440 2024 505 nulla
2083 463 2236 525 spes

299 530 525 597 salutis
566 529 735 594 relin
778 532 1055 594 ueretur.
1140 527 1216 592 in
1255 526 1383 590 hoc
1422 523 1552 589 fuit
1589 528 1733 589 tum
1771 545 2041 590 numero
2083 524 2235 590 Mil-

240 630 274 678 3
301 614 506 681 tiades
550 613 679 702 [cui
716 614 728 627 ‘
786 634 826 677 a
865 611 1156 677 custodia
1196 609 1601 695 crederetur].
1687 607 1796 674 hic
1835 630 1983 693 Q
2025 612 2236 674 crebri

301 699 604 764 afferrent
641 697 888 780 nuntii,
932 696 1100 761 male
1140 716 1281 759 rem
1323 714 1545 779 gerere
1584 691 1858 758 Darium
1898 696 2234 779 premique
2375 776 2376 779 Ἴ

301 807 342 849 a
383 782 659 868 Scythis,
704 779 1028 845 Miltiades
1066 779 1363 845 hortatus
1405 781 1504 843 est
1543 777 1763 862 pontis
1791 778 2103 862 custodes,
2145 801 2236 844 ne

301 891 343 933 a
383 870 651 932 fortuna
679 864 894 930 datam
938 864 1344 930 occasionem
1394 860 1761 927 liberandae
1790 861 2094 928 Graeciae
2139 863 2232 926 di-

242 966 278 1015 4
304 952 654 1019 mitterent.
725 971 880 1014 nam
921 949 978 1015 si
1020 970 1167 1014 cum
1207 948 1290 1012 iis
1319 947 1540 1031 copiis,
1584 967 1743 1031 quas
1771 967 1987 1012 secum
2026 951 2234 1013 tram-
2373 990 2376 1039 1

389 1039 619 1118 rtarat,
692 1033 1018 1099 interisset
1079 1031 1345 1115 Darius,
1421 1052 1558 1096 non
1629 1030 1841 1096 solum
1903 1031 2234 1117 Europam

300 1058 442 1185 {dre
495 1123 734 1201 tutam,
802 1117 914 1183 sed
968 1116 1165 1183 etiam
1218 1138 1329 1181 eos
1338 1165 1357 1198 ,
1425 1116 1539 1200 qui
1599 1115 1823 1179 Asiam
1875 1116 2240 1182 incolerent

303 1203 535 1269 Graeci
562 1216 571 1225 ’
596 1222 863 1299 genere,
927 1201 1165 1266 liberos
1229 1223 1270 1265 a
1320 1199 1663 1264 Persarum
1714 1200 1968 1266 futuros
2032 1200 2236 1266 domi-

302 1288 568 1353 natione
611 1289 679 1351 et
718 1285 1038 1370 periculo:
1098 1284 1166 1349 id
1210 1288 1278 1350 et
1316 1283 1506 1349 facile
1548 1283 1720 1350 effici
1757 1305 1981 1368 posse:
2032 1291 2234 1370 ponte

305 1373 481 1437 enim
530 1371 798 1436 rescisso
850 1390 1072 1455 regem
1125 1369 1231 1434 vel
1281 1368 1568 1434 hosfium
1627 1366 1800 1433 ferro
1853 1368 1958 1433 vel
2010 1370 2238 1454 inopia
2306 1398 2377 1862 Ὗ

243 1470 278 1520 5
306 1456 526 1540 paucis
581 1455 803 1520 diebus
856 1454 1287 1519 interiturum.
1393 1453 1477 1517 ad
1527 1452 1654 1517 hoc
1704 1453 2044 1518 eonsilium
2086 1475 2235 1520 cum
2263 1483 2300 1520 e

303 1540 593 1625 plerique
636 1537 1028 1621 accederent,
1070 1537 1399 1603 Histiaeus
1428 1535 1737 1620 Milesius,
1777 1558 1864 1602 ne
1905 1558 2009 1603 res
2037 1525 2234 1604 coffi-

305 1628 583 1707 ceretur,
629 1622 909 1707 obstitit,
953 1623 1172 1688 dicens
1197 1643 1337 1687 non
1364 1620 1536 1686 idem
1578 1621 1754 1705 ipsis,
1799 1621 1912 1705 qui
1952 1644 2236 1688 summas

302 1709 560 1793 imperii
586 1711 902 1791 tenerent,
948 1706 1246 1791 expedire
1290 1709 1357 1770 et
1383 1705 1801 1789 multitudini,
1847 1706 2022 1790 quod
2047 1706 2235 1772 Darii

302 1814 508 1878 regno
561 1792 851 1876 ipsorum
900 1790 1219 1856 niteretur
1278 1789 1662 1855 dominatio:
1728 1811 1858 1874 quo
1914 1791 2235 1858 exstincto

304 1879 480 1962 ipsos
521 1878 841 1961 potestate
882 1897 961 1941 ex
1005 1875 1181 1941 ulsos
1226 1874 1470 1940 civibus
1512 1874 1645 1939 suis
1681 1895 1924 1959 poenas
1952 1875 2233 1944 daturos.

306 1964 524 2059 itaque
567 1960 727 2110 εἶξε
770 1982 841 2059 se
882 1898 1239 2109 ‘abzffiem
1290 1982 1332 2024 a
1386 1962 1744 2025 ceterorum
1795 1960 2067 2058 consilio
2077 2012 2097 2045 ,
2160 1967 2240 2027 ut
2367 2013 2374 2122 ¹

305 2045 615 2111 nihilu
774 2044 2237 2112 islsuusuamconfirmanreum

246 2142 282 2190 e
306 2067 665 2196 Persarldm.
736 2066 929 2194 hupins
971 2150 1118 2194 cum
1159 2067 1544 2193 sengentiam
1583 2128 1847 2212 plurimi
1888 2066 2124 2195 esserfftlzl
2141 2152 2242 2195 se-

306 2215 440 2279 cuti
449 2263 469 2298 ,
534 2212 857 2278 Miltiades
911 2209 1055 2279 11611
1060 2215 1069 2220 “
1102 2212 1410 2279 'dubitans
1473 2216 1608 2277 tam
1672 2212 1893 2277 multis
1959 2216 2242 2281 consciis

306 2298 389 2363 ad
429 2297 601 2395 regis
643 2319 828 2362 aures
871 2297 1142 2362 consilia
1181 2318 1300 2361 sua
1326 2300 1732 2381 perventura,
1763 2294 2245 2365 Chersonesum

305 2381 572 2466 reliquit
624 2403 700 2447 ac
740 2403 959 2447 rursus
1000 2381 1293 2447 Athenas
1347 2380 1747 2466 demigravit.
1832 2383 2013 2447 cuius
2066 2385 2245 2451 ratio

307 2467 430 2532 etsi
470 2487 607 2531 11011
649 2467 881 2549 valuit,
935 2470 1153 2531 tamen
1205 2486 1444 2551 magno
1500 2486 1694 2549 opere
1746 2469 1846 2530 est
1897 2466 2243 2553 laudanda,
2369 2433 2375 2558 l

308 2572 455 2649 Qm
485 2552 764 2699 amicior
797 2549 1087 2615 omnium
1129 2549 1415 2615 libertati
1457 2570 1652 2633 quam
1693 2570 1847 2615 suae
1886 2550 2085 2618 fuerit
2127 2552 2245 2619 do·
2367 2595 2375 2720 Ι

307 2658 487 2702 mma
541 2656 672 2700 0111.

234 2718 280 2781 4
474 2719 711 2784 Darius
740 2722 973 2802 autem,
1004 2740 1151 2802 cum
1180 2740 1261 2783 ex
1288 2717 1555 2803 Europa
1594 2718 1667 2784 in
1695 2718 1919 2785 Asiam
1948 2720 2243 2806 redisset,

309 2804 720 2869 hortantibus
763 2803 984 2868 amicis
993 2853 1012 2887 ,
1066 2806 1144 2867 ut
1195 2803 1530 2868 Graeciam
1572 2803 1891 2889 redigeret
1941 2804 2014 2869 in
2056 2827 2248 2871 suam
2371 2875 2372 2880 ,

306 2890 711 2972 potestatem,
756 2887 1021 2952 classem
1063 2887 1594 2984 quingentarum»
1605 2888 1870 2953 navium
1912 2909 2250 2987 compara—

310 2973 409 3037 vit
465 2971 650 3055 eique
704 2970 926 3036 Datim
1021 2971 1286 3036 raefec1t
1339 2975 1404 3035 et
1455 2974 1621 3036 Arta
1665 2972 1932 3037 hernem
1942 3022 1962 3057 ,
2007 2973 2249 3058 h13que
2371 3021 2372 3028 1

312 3055 589 3120 ducenta
615 3055 921 3139 peditum,
966 2993 1185 3119 decem
1215 3055 1505 3139 equitum
1534 2993 1717 3120 mifia
1743 3055 1935 3141 dedit,
1980 3077 2252 3122 causam

309 3139 727 3221 interserens,
802 3159 870 3203 se
933 3138 1187 3204 hostem
1254 3160 1390 3204 esse
1455 3138 1989 3225 Atheniensibus,
2065 3142 2252 3226 quod

311 3240 535 3284 eorum
562 3222 801 3286 auxilio
821 3221 1012 3287 Iones
1041 3220 1260 3289 Sardis
1287 3244 1453 3306 expu
1686 3228 1765 3289 nt
1789 3246 1866 3289 su
1950 3245 2031 3290 ue
2059 3247 2254 3310 prae·

249 3309 283 3356 2
314 3300 475 3364 sidia
536 3302 1024 3370 interfecissent.
1132 3306 1233 3370 illi
1339 3327 1447 3371 rae
1476 3307 1603 3372 ecti
1668 3309 1835 3393 regii
1898 3331 1934 3374 0
1961 3330 2102 3374 asse
2164 3311 2255 3376 ad

309 3381 640 3478 Euboeam
668 3388 937 3470 appulsa
975 3389 1266 3454 celeriter
1350 3391 1611 3455 retriam
1653 3396 1964 3475 ceperunt
1991 3415 2254 3460 omnes·

312 3481 438 3544 que
493 3484 628 3529 e1us
681 3472 892 3551 gentis
935 3473 1105 3536 cives
1148 3475 1449 3557 abreptos
1474 3475 1573 3551 ,in
1615 3475 1841 3540 Asiam
1894 3476 1978 3541 ad
2018 3499 2255 3563 regem
