2409 3825
1126 199 1208 259 v1
1451 285 1455 290 ,
2048 195 2172 259 169

329 375 465 429 ante
489 368 550 427 fit
571 375 632 426 ut
662 383 861 427 cernas
886 366 1058 425 ictum
1083 382 1250 443 quam
1272 364 1442 442 plaga
1461 381 1570 443 per
1593 367 1742 425 auris

185 464 308 519 170
332 454 434 513 det
456 452 730 513 sonitum.
754 450 841 510 sic
864 448 1150 548 fulgorem
1169 465 1408 526 quoque
1440 449 1723 507 ceruimus
1746 458 1875 507 ante

336 553 505 615 quam
526 535 792 595 tonitrum
813 533 1160 611 accipimus,
1185 533 1401 611 pariter
1425 533 1520 610 qui
1546 533 1779 592 mittitur
1800 532 1917 608 igni

337 641 375 682 e
398 618 566 681 simili
592 633 797 694 causa,
825 633 1110 677 concursu
1135 624 1300 676 natus
1323 614 1546 676 eodem.

315 724 334 729 ·
422 702 551 764 Hoc
570 702 738 763 etiam
758 710 928 781 pacto
948 699 1170 760 volucri
1193 698 1325 759 loca
1346 698 1555 759 lumine
1578 701 1797 776 tingunt

337 787 524 848 nubes
554 794 614 846 et
639 783 882 846 tremulo
906 793 1222 863 tempestas
1245 785 1460 863 impete
1481 782 1666 860 fulgit.

193 882 310 937 175
341 881 548 936 ventus
577 870 673 930 ubi
701 870 904 944 invasit
923 869 1133 928 nubem
1154 878 1214 928 et
1235 875 1496 927 versatus
1517 866 1731 927 ibidem

337 956 479 1016 fecit
498 964 560 1014 ut
579 962 709 1014 ante
735 969 929 1013 cavam
955 951 1124 1012 docui
1149 952 1513 1030 spissescere
1535 950 1740 1011 nubem
1762 994 1782 1028 ‚

336 1038 654 1100 mobilitate
677 1054 779 1098 sua
801 1034 1110 1104 fervescit3
1135 1044 1197 1094 ut
1226 1036 1411 1095 omnia
1436 1042 1592 1095 motu

339 1121 730 1202 percalefacta
747 1119 911 1182 vides
932 1118 1242 1180 ardescere
1262 1164 1282 1196 ‚
1309 1117 1575 1198 plumbea
1589 1135 1730 1179 vero

343 1205 510 1284 glans
536 1206 704 1265 etiam
724 1203 901 1281 longo
935 1221 1106 1264 cursu
1124 1201 1409 1264 volvenda
1432 1200 1717 1281 liquescit.

198 1300 317 1354 180
343 1308 487 1368 ergo
510 1288 763 1349 fervidus
787 1287 882 1347 hic
905 1288 1113 1348 nubem
1143 1304 1274 1347 cum
1293 1286 1571 1365 perscidit
1591 1295 1796 1364 atram,

344 1374 582 1453 dissipat
604 1372 822 1433 ardoris
846 1373 1007 1450 quasi
1027 1389 1135 1450 per
1153 1372 1267 1430 vim
1289 1387 1567 1449 expressa
1587 1379 1827 1449 repente

344 1459 588 1535 semina,
615 1473 761 1535 quae
784 1457 998 1515 faciunt
1016 1455 1284 1514 nictantia
1305 1452 1530 1532 fulgura
1551 1452 1833 1513 flammae:

335 1541 475 1602 inde
500 1557 676 1602 sonus
700 1540 958 1618 sequitur
972 1585 991 1616 ‚
1018 1540 1114 1617 qui
1141 1537 1353 1599 tardius
1373 1537 1567 1598 adficit
1590 1538 1741 1597 auris

319 1642 510 1704 quam
534 1641 680 1703 quae
705 1625 1045 1707 perveniunt
1069 1612 1367 1682 oculorum
1386 1621 1457 1681 ad
1480 1620 1685 1680 lumina
1706 1631 1914 1680 nostra.

202 1718 315 1772 185
343 1708 607 1785 scilicet,
633 1707 745 1767 hoc
770 1693 976 1767 densis
992 1708 1053 1766 fit
1073 1706 1320 1766 nubibus
1345 1715 1403 1765 et
1427 1704 1590 1767 simul
1613 1704 1726 1764 alte

345 1793 620 1852 extructis
643 1790 768 1850 aliis
790 1789 927 1850 alias
955 1807 1132 1870 super
1152 1791 1369 1868 impete
1389 1791 1550 1849 miro.

343 1894 454 1941 nec
478 1875 579 1936 tibi
605 1876 677 1936 sit
702 1873 848 1934 frudi
874 1874 1027 1953 quod
1046 1889 1153 1936 nos
1178 1872 1398 1934 inferna
1421 1872 1679 1934 videmus

346 1976 512 2039 quam
533 1960 644 2020 sint
664 1958 776 2018 lata
796 1961 978 2036 magis
1004 1976 1169 2037 quam
1191 1975 1416 2019 sursum
1437 1967 1695 2019 extructa
1719 1958 1850 2036 quid
1875 1967 2085 2022 extent.

347 2043 761 2122 contemplator
783 2045 930 2102 enim
948 2087 966 2119 ‚
993 2061 1121 2102 cum
1144 2043 1428 2103 montibus
1454 2042 1781 2103 adsimulata

210 2137 322 2191 190
344 2127 533 2187 nubila
553 2126 859 2206 portabunt
878 2128 1034 2187 venti
1059 2135 1384 2187 transversa
1407 2144 1513 2204 per
1533 2143 1696 2186 auras
1716 2171 1733 2203 ‚

343 2221 438 2271 aut
460 2211 556 2270 ubi
582 2229 690 2290 per
709 2228 946 2289 mag-nos
967 2211 1173 2271 montis
1197 2208 1477 2270 cumulata
1496 2209 1719 2270 videbis

346 2297 583 2373 insuper
604 2313 739 2356 esse
764 2293 890 2355 aliis
912 2293 1022 2354 alia
1044 2304 1217 2372 atque
1239 2312 1491 2371 urguere
1514 2312 1763 2373 superne

348 2381 404 2447 in
426 2379 669 2438 statinne
693 2377 881 2439 locata
904 2377 1145 2456 sepultis
1169 2376 1417 2457 undique
1437 2380 1656 2447 ventis,
1641 2400 1655 2413 ·

345 2462 463 2522 t‘um
483 2463 702 2541 poteris
722 2479 952 2540 magnas
981 2460 1165 2522 moles
1193 2477 1553 2538 cognoscere
1577 2478 1771 2521 eorum

209 2555 321 2610 195
342 2546 766 2626 speluncasque
795 2543 955 2606 velut
986 2547 1135 2606 saxis
1158 2545 1526 2624 pendentibu'
1550 2554 1794 2606 structas

348 2648 622 2707 cernere,
648 2647 788 2707 quas
810 2632 966 2689 venti
990 2648 1118 2689 cum
1138 2636 1481 2707 tempestate
1508 2638 1702 2687 coorta

261 2732 284 2787 f
348 2713 719 2813 conpleruut,
743 2730 946 2790 magno
970 2713 1325 2790 indignantur
1345 2728 1624 2770 murmure
1651 2709 1829 2772 clausi

277 2862 300 2873 -
345 2798 626 2874 nubibus,
650 2799 705 2856 in
732 2799 1039 2874 caveisque
1063 2796 1309 2857 ferarum
1328 2810 1487 2854 more
1511 2796 1813 2870 minantur,

344 2899 494 2940 nunc
518 2880 649 2940 hinc
672 2899 818 2956 nunc
840 2879 998 2943 itum>
1020 2880 1276 2939 fremitus
1305 2896 1412 2957 per
1431 2877 1622 2937 nubila
1642 2880 1896 2957 mittunt,

206 2974 323 3028 200
343 2973 802 3044 quaerentesque
831 2965 979 3024 viam
1002 2965 1545 3040 circumversantur,
1573 2970 1631 3022 et
1652 2963 1798 3039 ignis

345 3050 559 3109 semina
591 3048 936 3109 convolvunt
960 3067 993 3108 e
1014 3047 1258 3108 nubibus
1279 3055 1450 3125 atque
1472 3047 1547 3106 ita
1571 3054 1784 3123 cogunt

343 3131 550 3210 multa,
573 3140 873 3211 rotantque
901 3133 1057 3192 cavis
1085 3130 1359 3191 flammam
1381 3129 1707 3190 fornacibus
1731 3131 1914 3208 intus,

345 3216 530 3276 donec
554 3214 774 3277 divolsa
794 3215 1076 3277 fulserunt
1095 3215 1247 3275 nube
1274 3217 1521 3275 corusci.

427 3299 548 3359 Hac
573 3302 741 3361 etiam
764 3300 824 3359 fit
849 3302 929 3361 uti
953 3299 1024 3359 de
1055 3317 1225 3360 causa
1247 3297 1474 3359 mobilis
1497 3297 1596 3358 ille

200 3392 316 3446 205
339 3382 575 3444 devolet
595 3385 653 3444 in
677 3393 887 3444 terram
909 3382 1106 3461 liquidi
1131 3381 1293 3443 color
1312 3399 1518 3442 aureus
1542 3382 1688 3457 ignis
1705 3426 1723 3457 ‚

341 3469 557 3529 semina
578 3466 733 3548 quod
754 3468 938 3528 nubes
958 3468 1115 3546 ipsas
1136 3464 1415 3546 permulta
1435 3473 1739 3527 necessust
