2409 3825
1141 162 1196 225 11

662 331 736 424 T.
788 330 1303 426 LUGRE'I'I
1377 335 1664 427 CAR!

313 481 498 595 nE
620 481 1226 596 RERUM,
1321 481 2001 600 NATURA

735 647 1586 734 muuusucuunus,

328 867 525 976 Suave
546 961 563 992 ‚
587 916 720 973 mari
743 932 948 991 magno
972 915 1326 976 turbantibus
1349 933 1599 995 aequora
1620 919 1806 978 ventis
1822 963 1839 994 ‚

327 1019 361 1059 e
382 1009 536 1060 terra
554 1016 817 1076 magnum
842 998 1074 1060 alterius
1100 1009 1367 1078 spectare
1391 999 1674 1069 laborem

326 1101 439 1144 non
462 1084 593 1162 quia
613 1083 813 1145 vexari
835 1093 1228 1161 quemquamst
1251 1083 1491 1144 iucunda
1511 1084 1774 1164 voluptas
1794 1131 1812 1164 ‚

326 1167 431 1229 sed
460 1166 665 1246 quibus
687 1168 815 1245 ipse
840 1166 1001 1227 malis
1027 1185 1223 1228 careas
1248 1170 1377 1247 quia
1402 1186 1642 1228 cernere
1668 1189 1846 1231 suave
1867 1180 1987 1231 est:

258 1264 295 1314 5
325 1270 499 1313 suave
527 1252 694 1313 etiam
719 1249 859 1311 belli
885 1252 1186 1312 certamina
1208 1270 1406 1330 magna
1429 1255 1574 1312 tueri

325 1355 432 1416 per
454 1351 686 1414 campos
708 1336 981 1396 instructa
997 1382 1014 1414 ‚
1040 1346 1135 1396 tua
1157 1338 1282 1397 sine
1306 1346 1467 1415 parte
1490 1337 1693 1416 pericli

272 1442 307 1466 ν
325 1421 430 1481 sed
451 1418 529 1478 nil
553 1417 774 1479 dulcius
799 1428 921 1496 est,
947 1419 1096 1481 bene
1122 1439 1287 1499 quam
1308 1423 1515 1482 munita
1537 1431 1735 1483 tenere

326 1504 476 1565 edita
503 1503 757 1564 doctrina
777 1505 1094 1582 sapientum
1117 1504 1329 1585 templa
1353 1524 1558 1566 serena
1574 1551 1591 1582 ‚

327 1589 631 1668 despicere
654 1586 801 1647 unde
830 1606 1004 1665 queas
1028 1587 1171 1649 alios
1195 1591 1521 1668 passimque
1548 1590 1746 1649 videre

214 1685 287 1737 lo
322 1691 514 1734 errare
537 1681 708 1750 atque
731 1672 878 1731 viam
901 1671 1138 1751 palantis
1165 1691 1444 1751 quaerere
1466 1674 1615 1733 vitae
1633 1720 1649 1750 ,

329 1766 551 1818 certare
573 1756 805 1834 ingenio
822 1801 839 1831 ‚
868 1756 1218 1818 contendere
1241 1756 1534 1817 nobilitate
1550 1803 1567 1834 ‚

324 1851 528 1902 noctes
551 1850 723 1920 atque
746 1839 869 1899 dies
891 1841 989 1899 niti
1014 1850 1339 1920 praestante
1363 1840 1561 1902 labore

323 1928 394 1988 ad
417 1942 985 2002 summasemergere
1008 1943 1151 2005 opes
1175 1945 1479 2004 rerumque
1502 1929 1689 2007 potiri.

325 2028 360 2071 o
383 2012 619 2070 miseras
640 2009 926 2070 hominum
946 2020 1201 2088 mentes,
1230 2028 1264 2070 o
1287 2020 1523 2089 pectora
1550 2014 1747 2072 caeca!

120 2144 133 2148 -
214 2109 282 2159 15
321 2094 582 2175 qualibus
603 2095 658 2153 in
681 2093 936 2155 tenebris
959 2096 1109 2155 vitae
1136 2097 1474 2174 quantisque
1498 2095 1732 2174 periclis

324 2181 552 2258 degitur
573 2177 684 2238 hoc
706 2179 834 2238 aevi
857 2177 1341 2257 quodcumquest!
1364 2197 1557 2240 nonne
1581 2180 1777 2240 videre

322 2264 400 2324 nil
425 2262 576 2325 aliud
597 2262 706 2322 sibi
728 2267 978 2323 naturam
1003 2261 1211 2323 latrare
1232 2309 1249 2341 ‚
1275 2265 1383 2325 nisi
1405 2273 1464 2324 ut
1481 2310 1498 2340 ,
1527 2266 1616 2324 cui

326 2365 574 2426 corpore
597 2347 891 2408 seiunctus
914 2345 1079 2408 dolor
1097 2347 1279 2425 absit,
1305 2349 1495 2408 menti'
1519 2348 1733 2420 fruatur

324 2431 568 2492 iucundo
591 2449 765 2492 sensu
781 2476 800 2508 ‚
827 2449 959 2491 cura
983 2432 1226 2493 semotu’
1246 2429 1556 2512 metuque?

202 2529 285 2579 ⁴20
320 2533 463 2594 ergo
488 2531 820 2594 corpoream
849 2514 919 2576 ad
939 2524 1186 2576 naturam
1212 2534 1391 2595 pauca
1411 2517 1667 2576 videmus

323 2619 459 2661 esse
482 2618 628 2679 opus
652 2600 909 2675 omnino,
936 2618 1081 2678 quae
1105 2599 1330 2660 demant
1351 2600 1591 2678 cumque
1617 2601 1906 2679 dolorem,

323 2684 561 2745 delicias
587 2701 817 2763 quoque
838 2685 917 2742 uti
942 2682 1142 2744 multas
1167 2684 1538 2744 substernere
1561 2686 1800 2762 possint.

322 2771 535 2847 gratius
568 2768 846 2828 interdum
868 2786 1056 2846 neque
1079 2778 1273 2828 natura
1291 2769 1416 2846 ipsa
1439 2769 1709 2847 requirit,

325 2857 373 2914 si
396 2869 510 2913 non
533 2870 702 2912 aurea
725 2862 854 2912 sunt
879 2852 1139 2912 iuvenum
1163 2851 1459 2912 simulacra
1483 2870 1589 2931 per
1609 2853 1781 2913 aedes

214 2948 290 3000 25
322 2937 605 3016 lampadas
631 2936 901 3013 igniferas
923 2936 1175 2996 manibus
1198 2937 1494 2996 retinentia
1519 2936 1732 2997 dextris
1751 2984 1767 3015 ‚

323 3021 529 3081 lumina
549 3022 842 3080 nocturnis
867 3018 1052 3098 epulis
1077 3028 1136 3079 ut
1159 3020 1626 3099 suppeditentur,

322 3124 432 3165 nec
453 3106 653 3165 domus
676 3114 913 3183 argento
936 3102 1177 3180 fulgenti
1200 3122 1453 3182 auroque
1476 3106 1730 3182 renidet,

320 3208 430 3250 nec
457 3189 704 3250 citharae
728 3188 967 3249 reboant
989 3186 1249 3266 laqueata
1272 3197 1614 3267 arquataque
1639 3198 1825 3266 tecta,

323 3291 448 3335 cum
472 3282 659 3333 tamen
681 3273 828 3333 inter
848 3291 914 3333 sc
938 3274 1204 3349 prostrati
1226 3273 1282 3332 in
1307 3273 1557 3350 gramine
1578 3273 1736 3332 molli

208 3366 289 3421 30
317 3367 559 3437 propter
579 3375 760 3436 aquae
784 3358 964 3437 rivum
987 3355 1094 3416 sub
1116 3357 1282 3416 ramis
1307 3356 1525 3416 arboris
1554 3355 1699 3415 altae

317 3459 429 3501 non
454 3444 673 3518 magnis
697 3440 902 3519 opibus
926 3436 1172 3500 iucunde
1197 3456 1439 3519 corpora
1464 3446 1690 3512 curant,

2088 166 2158 230 31
