2409 3825
600 194 717 241 xv.
791 193 1315 243 EPAmNoNDAs.
1358 191 1410 242 2.
1454 191 1503 241 3.
2013 182 2095 249 57

330 327 545 416 Natus
586 328 787 413 igitur
813 332 1014 412 patre,
1060 348 1188 413 quo
1219 329 1513 411 diximus,
1544 349 1779 414 genere
1805 330 2100 415 honesto,
2128 333 2175 397 2

151 434 410 497 pauper
438 414 569 477 iam
612 435 651 477 a
692 412 1043 477 maioribus
1086 412 1346 477 relictus
1390 417 1504 496 est,
1557 414 1842 479 eruditus
1886 419 2101 481 autem

148 499 269 581 sic,
313 501 392 562 ut
433 517 624 561 nemo
655 495 1002 561 Thebanus
1045 496 1271 582 magis.
1343 518 1495 562 nam
1525 501 1591 562 et
1620 497 1993 595 citharizare
2035 503 2102 564 et

148 585 423 678 cantare
465 579 549 646 ad
568 580 974 678 ‘chordarum'
1018 600 1253 678 sonum
1279 581 1535 680 ‘doctus‘
1565 586 1663 646 est
1696 603 1736 645 a
1762 580 2099 667 Dlonysio,

151 687 273 748 qm
313 685 459 729 non
494 685 747 729 minore
787 665 915 730 fult
954 686 1025 729 m
1066 685 1328 730 mus1c1s
1370 665 1580 751 gloria
1607 687 1803 749 quam
1841 664 2101 731 Damon

151 755 274 814 aut
312 748 648 846 LampruS,
694 770 979 847 quorum·
1010 748 1390 836 pervulgata
1432 753 1585 814 sunt
1623 750 1908 848 nomina,
1953 771 2099 816 can·

148 832 1264 1015 msssszpffissfflssssssffi
1281 834 1546 1014 sss.
1570 833 2159 1002 zy‘ssfflpffiz.

149 1007 373 1066 tmum
386 1051 406 1085 ,
460 1001 969 1099 Pythagoreum:
1028 1023 1131 1066 cm
1186 1001 1446 1085 quidem
1498 1004 1589 1067 sic
1642 1003 1771 1067 fuit
1825 1002 2094 1088 deditus,

150 1089 232 1150 ut
289 1085 676 1183 adulescens·
711 1089 965 1183 trustem
1010 1106 1105 1184 ,ορ
1154 1106 1460 1183 'severum
1528 1108 1746 1152 senem
1802 1088 2099 1152 omnibus
2153 1098 2180 1171 Ἰ,

152 1169 537 1267 ³³⁹u²¹¹b¹¹⁸
580 1191 713 1235 ⁸⁸¹⁹
754 1192 825 1234 ²¹¹
843 1169 1860 1320 αῗέἓὲέΐἪῗωὝΡὲῖῖῗὲξέε
1887 1193 2098 1321 ’ἱξέῗὲ

148 1275 418 1404 {hriltzecesus
406 1274 554 1402 estiitm
566 1274 1036 1422 cgndieoeipulos
1048 1387 1068 1421 ,
1093 1303 1112 1338 ’
1134 1276 1214 1402 u}
1272 1337 1463 1435 facil-e
1525 1338 1818 1423 intellegi
1879 1343 2101 1423 posset
2229 1362 2236 1369 ·

150 1423 300 1509 pari
356 1421 548 1487 modo
605 1426 1055 1506 superaturum
1123 1442 1348 1486 omnes
1413 1444 1486 1485 m
1541 1421 1769 1487 ceteris
1832 1423 2094 1489 artibus.
2207 1494 2212 1497 ,

42 1584 43 1587 ¹
155 1510 358 1590 atque
400 1506 560 1570 haec
603 1505 686 1571 ad
722 1510 1012 1572 nostram
1053 1505 1584 1572 consuetudinem
1624 1510 1777 1572 sunt
1817 1507 1986 1571 levia
2028 1511 2096 1573 et
2121 1521 2155 1570 3
2197 1552 2200 1559 ,

151 1591 380 1675 potius
439 1588 939 1655 contemnenda:
1012 1593 1081 1655 at
1136 1590 1210 1654 in
1269 1588 1566 1673 Graecia,
1638 1591 1861 1674 utique
1920 1591 2095 1676 olim,

152 1695 435 1760 magnae
477 1674 654 1739 laudi
683 1677 883 1741 erant.
956 1678 1302 1758 postquam
1340 1674 1622 1758 ephebus
1652 1677 1750 1739 est
1788 1673 1999 1739 factus
2028 1679 2095 1741 et
2120 1689 2156 1738 4

202 1759 518 1824 alaestrae
563 1758 713 1823 dare
759 1780 1020 1843 operam
1064 1758 1307 1842 coepit,
1379 1779 1516 1823 non
1577 1762 1712 1823 tam
1777 1757 2096 1856 magnitu·
2167 1774 2176 1781 ·

155 1783 298 1908 {ini
343 1843 579 1908 virium
622 1843 887 1908 servivit
928 1863 1122 1926 quam
1163 1841 1521 1908 velocitati:
1576 1842 1756 1907 illam
1800 1864 1972 1907 emm
2016 1843 2098 1908 ad

157 1928 551 1993 athletarum
605 1950 823 2011 usum,
867 1928 1037 1992 hanc
1079 1925 1160 1992 ad
1201 1927 1357 1992 belli
1411 1928 1817 1993 existimabat
1855 1928 2096 1994 utilita-

155 2018 293 2077 tem
358 2013 700 2095 pertinere.
808 2012 1027 2096 itaque
1082 2012 1497 2076 exercebatur
1554 2011 1904 2095 plurimum
1957 2034 2096 2077 cur·

156 2096 361 2161 rendo
407 2101 474 2161 et
512 2071 816 2161 lfiefflffdo
861 2096 944 2161 ad
986 2117 1132 2161 eum
1159 2096 1387 2179 finem,
1442 2096 1654 2179 quoad
1707 2099 1885 2161 stans
1926 2118 2096 2162 com·

155 2180 357 2265 plecti
397 2185 618 2264 posset
657 2184 850 2264 atque
905 2180 1310 2245 contendere.
1406 2179 1480 2244 in
1521 2180 1715 2246 armis
1757 2201 1909 2245 vero
1951 2181 2092 2266 plu·
2119 2194 2152 2243 ⁶

155 2266 398 2331 timum
437 2264 633 2330 studii
675 2265 1107 2330 consumebat.

330 2349 438 2413 Ad
478 2348 645 2413 hanc
689 2348 978 2433 corporis
1018 2349 1389 2415 firmitatem
1429 2350 1618 2434 plura
1660 2351 1855 2415 etiam
1896 2351 2097 2416 animi
2124 2350 2169 2415 3

155 2435 336 2499 bona
365 2437 779 2499 accesserant.
853 2436 993 2497 erat
1033 2435 1209 2499 enim
1234 2431 1578 2517 modestae,
1621 2434 1921 2517 prudens,
1951 2438 2093 2518 gra-

154 2519 287 2602 vis,
332 2518 733 2601 temporibus
776 2517 1098 2601 sapienter
1137 2522 1356 2600 utens,
1399 2518 1643 2600 peritus
1685 2516 1859 2597 belli,
1902 2518 2091 2583 fortis

154 2623 387 2686 manu,
442 2601 658 2667 animo
713 2602 1024 2685 maximo,
1084 2600 1245 2666 adeo
1299 2600 1589 2664 veritatis
1652 2600 1925 2686 diligens
1935 2651 1954 2685 ,
2018 2604 2093 2666 ut

154 2708 238 2752 ne
268 2687 416 2752 ioco
447 2685 705 2769 quidem
745 2686 1142 2750 mentiretur.
1215 2682 1386 2749 idem
1413 2684 1768 2768 continenS,
1812 2684 2090 2750 clemens
2117 2699 2151 2748 2

152 2771 540 2855 patiensque
583 2769 1027 2835 admirandum
1079 2770 1151 2836 in
1204 2766 1497 2850 modum,
1550 2789 1688 2833 non
1729 2768 1940 2833 solum
1979 2791 2094 2854 po·

153 2855 327 2939 puli,
372 2854 487 2919 sed
529 2854 724 2919 etiam
765 2855 1117 2920 amicorum
1156 2852 1374 2918 ferens
1414 2853 1681 2917 iniurias
1693 2904 1711 2936 ,
1755 2854 1826 2918 in
1866 2855 2093 2939 primis

153 2938 500 3005 commissa
543 2937 776 3021 celans,
822 2937 994 3022 quod
1033 2937 1358 3002 interdum
1398 2958 1535 3002 non
1576 2938 1790 3003 minus
1832 2938 2096 3022 prodest

145 3090 148 3093 ,
198 3045 354 3088 uam
384 3022 618 3087 diserte
647 3023 875 3106 dicere,
919 3022 1242 3087 studiosus
1271 3021 1600 3086 audiendi:
1646 3042 1724 3086 ex
1765 3021 1890 3086 hoc
1919 3022 2093 3087 enim

183 3107 465 3172 acillime
509 3106 667 3172 disci
708 3107 1158 3172 arbitrabatur.
1242 3107 1461 3203 itaque
1504 3127 1666 3203 OQ
1679 3107 1752 3170 in
1780 3105 2090 3171 circulum
2118 3120 2150 3168 3
2227 3138 2246 3170 ε

154 3192 468 3275 venisset,
521 3191 591 3255 in
636 3212 764 3275 quo
809 3194 924 3256 aut
966 3189 1044 3254 de
1086 3211 1156 3254 re
1198 3189 1460 3274 pubhca
1503 3190 1936 3273 <imputaretur
1979 3195 2093 3256 aut

155 3275 231 3340 de
260 3275 681 3360 philosophia
708 3296 916 3341 sermo
945 3274 1308 3357 haberetur,
1351 3294 1708 3358 numquam
1732 3273 1883 3338 inde
1911 3277 2090 3358 prius

155 3359 465 3445 discessit,
509 3382 707 3445 quam
750 3360 832 3425 ad
870 3360 1068 3424 finem
1095 3379 1306 3424 sermo
1337 3361 1502 3422 esset
1534 3357 1860 3422 adductus.
1933 3379 2088 3439 pau·
2115 3368 2149 3416 4

151 3448 472 3529 pertatem
527 3444 685 3509 adeo
739 3443 928 3508 facile
969 3463 1309 3528 perpessus
1339 3444 1455 3525 est,
1491 3445 1576 3506 *ut
1616 3441 1692 3506 de
1733 3461 1804 3506 re
1830 3438 2089 3523 publica
