2409 3825
1154 193 1238 254 IV
2073 192 2193 258 115

360 365 416 424 id
441 361 593 444 quod
615 363 909 442 providet,
934 362 1085 423 illius
1109 365 1194 422 rei
1221 370 1442 422 constat
1464 364 1669 441 imago.

362 466 504 527 ergo
526 449 740 512 animus
766 465 892 506 cum
913 467 1048 507 sese
1071 449 1148 506 ita
1172 456 1493 506 commovet
1515 456 1574 505 ut
1595 447 1736 506 velit
1762 450 1843 507 ire

360 535 531 610 inque
552 530 715 609 gredi
733 577 750 607 ,
776 531 906 590 ferit
929 529 1223 609 extemplo
1248 549 1392 609 quae
1416 532 1472 588 in
1498 548 1741 609 corpore
1765 541 1888 591 toto
1909 577 1929 610 ‚

225 626 339 680 885
363 636 470 695 per
490 616 741 675 membra
760 625 929 694 atque
953 625 1105 675 artus
1125 661 1143 692 ‚
1167 617 1366 674 animai
1392 613 1588 675 dissita
1611 618 1697 674 vis
1722 625 1840 674 est:

362 710 420 760 et
445 699 669 759 facilest
691 698 844 758 factu
859 745 878 777 ‚
905 701 1166 777 quoniam
1192 701 1492 759 coniuncta
1514 706 1757 758 tenetur.

364 784 494 843 inde
517 802 585 843 ea
607 799 887 861 proporro
914 782 1124 861 corpus
1148 782 1280 842 ferit
1301 829 1318 859 ,
1345 791 1513 861 atque
1537 783 1612 841 ita
1633 792 1750 842 tota

364 865 628 947 paulatim
653 864 836 926 moles
861 866 1207 945 protruditur
1232 876 1401 946 atque
1424 876 1700 925 movetur.

364 961 666 1030 praeterea
685 957 800 1008 tum
821 952 1060 1010 rarescit
1084 967 1314 1029 quoque
1341 966 1550 1028 corpus
1567 996 1585 1027 ,
1614 961 1671 1010 et
1695 958 1795 1008 aer
1811 997 1828 1028 ‚

229 1046 342 1100 890
365 1034 592 1096 scilicet
609 1078 628 1110 ‚
653 1042 713 1092 ut
737 1033 911 1093 debet
932 1037 1026 1112 qui
1053 1051 1285 1113 semper
1306 1033 1529 1093 mobilis
1554 1044 1745 1110 extat,

364 1137 471 1199 per
489 1117 775 1197 patefacta
794 1120 949 1177 venit
971 1127 1348 1197 penetratque
1372 1117 1641 1177 foramina
1667 1117 1859 1195 largus
1878 1167 1897 1196 ,

366 1213 426 1264 et
449 1202 790 1281 dispargitur
810 1201 880 1262 ad
903 1205 1078 1280 partis
1103 1203 1178 1262 ita
1203 1220 1457 1281 quasque
1481 1203 1719 1262 minutas

367 1289 644 1365 corporis.
667 1286 760 1345 hic
785 1287 955 1364 igitur
973 1287 1145 1345 rebus
1171 1286 1231 1345 fit
1255 1288 1530 1366 utrimque
1556 1286 1769 1346 duabus
1786 1334 1802 1364 ,

365 1389 561 1448 aeque
582 1371 653 1430 id
671 1380 731 1430 ut
754 1389 821 1429 ac
845 1371 1002 1430 navis
1023 1369 1170 1430 velis
1192 1381 1481 1450 ventoque
1505 1371 1733 1430 feratur.

228 1466 339 1521 895
370 1475 480 1515 nec
503 1465 687 1514 tamen
710 1453 850 1513 illud
872 1456 927 1513 in
949 1453 1037 1514 his
1058 1455 1231 1515 rebus
1255 1454 1507 1514 mirabile
1533 1463 1787 1530 constat,

368 1539 581 1600 tantula
603 1539 754 1616 quod
775 1547 985 1597 tantum
1010 1556 1220 1618 corpus
1246 1537 1588 1617 corpuscula
1610 1550 1848 1615 possunt

368 1633 747 1701 contorquere
774 1631 831 1681 et
857 1640 997 1682 onus
1022 1633 1198 1682 totum
1225 1632 1563 1683 convertere
1589 1631 1869 1681 nostruin:

367 1709 580 1786 quippe
604 1709 811 1767 etenim
839 1717 1042 1766 ventus
1066 1707 1261 1786 suptili
1288 1724 1533 1784 corpore
1556 1707 1741 1765 tenvis

363 1791 536 1852 trudit
562 1809 738 1867 agens
763 1808 1015 1867 magnam
1037 1809 1240 1869 magno
1262 1791 1545 1851 molimine
1570 1807 1767 1848 navem
1785 1837 1803 1868 ,

232 1886 345 1941 900
367 1885 427 1937 et
447 1893 639 1936 manus
663 1893 769 1934 una
792 1877 941 1952 regit
967 1877 1263 1954 quantovis
1285 1878 1496 1955 impete
1520 1882 1746 1934 euntem

366 1971 539 2038 atque
563 1957 969 2037 gubernaclum
995 1970 1333 2039 contorquet
1359 1957 1616 2039 quolibet
1641 1977 1806 2017 unum
1824 2006 1840 2036 ,

367 2044 651 2122 multaque
668 2088 686 2120 ,
723 2062 830 2122 per
852 2042 1100 2104 trocleas
1125 2054 1183 2103 et
1203 2054 1498 2123 tympana,
1524 2042 1776 2122 pondera
1797 2061 1996 2119 magna

369 2137 688 2188 commovet
710 2137 879 2205 atque
903 2126 1017 2187 levi
1042 2127 1293 2188 sustollit
1314 2127 1566 2188 machina
1589 2129 1731 2186 nisu.

451 2210 615 2271 Nunc
639 2211 841 2289 quibus
863 2210 962 2271 ille
987 2212 1166 2272 modis
1190 2230 1419 2273 somnus
1445 2230 1550 2291 per
1569 2210 1817 2271 membra
1842 2214 2090 2289 quietem

232 2305 344 2360 905
373 2296 584 2372 inriget
607 2304 775 2373 atque
800 2297 963 2355 animi
990 2315 1152 2356 curas
1177 2316 1211 2356 e
1231 2305 1471 2375 pectore
1495 2294 1719 2371 solvat,

369 2378 675 2440 suavidicis
698 2381 887 2457 potius
914 2398 1076 2457 quam
1100 2380 1287 2441 multis
1310 2382 1574 2441 versibus
1598 2378 1790 2446 edam;

368 2480 578 2542 parvus
599 2472 659 2522 ut
683 2472 772 2523 est
797 2465 961 2537 cycni
983 2464 1184 2524 melior
1209 2483 1410 2542 canor,
1436 2464 1534 2523 ille
1557 2481 1756 2540 gruum
1782 2480 1945 2539 quam

372 2547 584 2606 clamor
603 2547 659 2604 in
681 2546 947 2608 aetheriis
972 2547 1263 2627 dispersus
1287 2549 1530 2608 nubibus
1552 2548 1742 2606 austri.
1995 2545 2007 2559 ²

367 2642 430 2690 tu
453 2630 586 2690 mihi
609 2629 676 2688 da
699 2632 883 2690 tenuis
907 2649 1073 2692 aures
1096 2635 1447 2711 animumque
1475 2646 1740 2707 sagacem
1759 2674 1777 2705 ,

232 2723 345 2777 910
371 2734 444 2774 ne
469 2714 590 2774 fieri
614 2716 841 2792 negites
866 2733 1009 2792 quae
1034 2715 1215 2775 dicam
1239 2734 1413 2795 posse
1431 2762 1449 2790 ,
1472 2723 1742 2791 retroque
1802 2727 1803 2730 ’

367 2815 505 2857 vera
528 2797 839 2875 repulsanti
863 2798 1123 2858 discedas
1148 2810 1386 2879 pectore
1412 2798 1557 2858 dicta
1575 2842 1593 2874 ‚

319 2907 326 2912 ’
369 2891 608 2942 tutemet
632 2883 688 2940 in
714 2882 880 2961 culpa
904 2901 1029 2942 cum
1056 2885 1133 2943 sis
1163 2902 1354 2961 neque
1378 2899 1616 2943 cernere
1645 2882 1855 2958 possis.

371 2967 653 3046 principio
678 2984 907 3027 somnus
931 2967 991 3025 fit
1013 2968 1115 3037 uhi,
1132 2977 1223 3027 est
1246 2967 1514 3028 distracta
1539 2982 1644 3044 per
1664 2972 1815 3022 artus

369 3051 457 3111 vis
482 3052 695 3111 animae
719 3052 1031 3130 partimque
1056 3051 1210 3111 foras
1239 3053 1427 3112 eiecta
1448 3049 1696 3109 recessit

237 3143 345 3199 915
371 3145 431 3195 et
454 3136 656 3213 partim
680 3142 948 3194 contrusa
967 3136 1146 3211 magis
1174 3137 1463 3195 concessit
1486 3136 1541 3193 in
1563 3129 1761 3194 altum:

372 3217 759 3280 dissoluuntur
782 3220 928 3277 enim
950 3229 1066 3278 tum
1089 3217 1311 3277 demum
1333 3218 1580 3278 membra
1610 3215 1916 3293 fluuntque.

373 3321 500 3362 nam
524 3301 752 3363 dubium
774 3320 886 3361 non
909 3313 998 3363 est
1014 3348 1036 3379 ,
1064 3305 1262 3362 animai
1287 3304 1419 3381 quin
1442 3318 1619 3380 opera
1641 3300 1714 3374 sit

375 3405 582 3447 sensus
604 3385 699 3447 hic
721 3388 779 3445 in
802 3386 965 3447 nobis
985 3432 1003 3463 ‚
1030 3405 1198 3465 quem
1224 3405 1350 3445 cum
1373 3402 1551 3464 sopor
1572 3382 1786 3461 inpedit
1810 3400 1944 3441 esse
1959 3426 1979 3458 ‚

375 3482 490 3532 tum
513 3471 679 3530 nobis
704 3472 936 3529 animam
957 3470 1338 3550 perturbatam
1364 3488 1497 3530 esse
1521 3464 1903 3598 putandumst*
