2409 3825
183 236 308 301 182
1140 233 1220 293 VI

347 418 406 468 et
430 406 569 468 satis
595 405 739 466 haec
764 404 936 465 tellus
962 404 1126 464 nobis
1152 403 1488 482 caelumque
1510 402 1640 463 mali
1664 403 1810 479 fert,

349 491 495 551 unde
519 499 688 568 queat
710 490 798 549 vis
819 489 1075 548 immensi
1101 504 1485 566 procrescere
1509 488 1709 547 morbi.

217 585 318 640 665
342 577 429 636 sic
453 575 624 652 igitur
644 573 749 634 toti
782 571 946 633 caelo
969 581 1275 650 terraeque
1300 571 1659 650 putandumst

341 678 416 720 ex
440 658 653 718 infinito
678 658 814 717 satis
839 658 1022 716 omnia
1043 654 1413 734 suppeditare
1430 701 1448 732 ‚

340 742 493 803 unde
516 749 760 820 repente
785 750 955 819 queat
984 738 1156 799 tellus
1185 757 1470 800 concussa
1490 740 1707 799 moveri

339 845 563 906 perque
586 842 740 884 mare
763 841 831 884 ac
853 834 1034 884 terras
1057 824 1287 902 rapidus
1314 840 1656 901 percurrere
1681 823 1848 883 turbo
1863 868 1882 899 ‚

307 903 487 987 ‘ignis
520 908 805 968 abundare
829 907 1121 967 Aetnaeus
1138 953 1156 984 ‚
1183 907 1577 967 flammescere
1604 906 1855 967 caelum:

214 1002 319 1057 670
338 995 396 1054 id
420 1011 653 1073 quoque
677 994 826 1051 enim
848 992 940 1070 fit,
967 1000 1027 1052 et
1049 992 1359 1052 ardescunt
1383 991 1658 1052 caelestia
1679 989 1924 1070 templa,

341 1088 400 1139 et
422 1085 800 1155 tempestates
831 1074 1058 1154 pluviae
1085 1078 1351 1153 graviore
1378 1085 1579 1136 coortu

340 1171 470 1223 sunt
488 1208 506 1239 ,
530 1161 627 1221 ubi
649 1159 801 1220 forte
824 1162 899 1219 ita
922 1178 988 1221 se
1010 1161 1324 1221 tetulerunt
1346 1162 1559 1221 semina
1582 1177 1866 1240 aquarum.

343 1238 358 1261 ‘
373 1255 427 1305 at
450 1246 613 1305 nimis
636 1254 726 1304 est
747 1245 953 1321 ingens
976 1244 1203 1305 incendi
1229 1244 1486 1305 turbidus
1513 1243 1717 1305 ardor.'

341 1330 567 1390 scilicet
583 1374 601 1406 ‚
627 1337 685 1388 et
704 1328 907 1389 fluvius
932 1329 1116 1407 quivis
1142 1339 1234 1390 est
1256 1331 1527 1390 maximus
1551 1330 1606 1389 ei

211 1422 314 1478 675
338 1416 564 1494 quinon
587 1423 716 1473 ante
739 1411 985 1491 aliquem
1006 1414 1275 1474 maiorem
1294 1413 1471 1489 vidit,
1497 1421 1556 1473 et
1578 1414 1783 1491 ingens

341 1499 511 1559 arbor
530 1497 818 1576 homoque
843 1497 1099 1575 videtur,
1125 1507 1184 1558 et
1208 1498 1391 1557 omnia
1415 1497 1486 1557 de
1511 1515 1727 1576 genere
1753 1499 1902 1558 omni

339 1584 573 1643 maxima
599 1599 744 1660 quae
768 1581 906 1641 vidit
930 1582 1204 1660 quisque,
1229 1581 1375 1643 haec
1400 1583 1651 1659 iugentia
1674 1582 1831 1659 fingit
1847 1628 1865 1659 ,

341 1686 467 1727 cum
489 1675 676 1726 tamen
701 1668 882 1725 omnia
908 1684 1034 1726 cum
1066 1665 1231 1725 caelo
1257 1676 1521 1745 terraque
1544 1666 1794 1745 marique

338 1751 414 1811 nil
443 1752 552 1811 sint
574 1749 641 1808 ad
667 1768 934 1810 summam
957 1752 1188 1811 summai
1213 1752 1385 1811 totius
1410 1768 1648 1810 omnem.

16 1844 318 1909 -w-..fisso
426 1833 588 1894 Nunc
619 1844 805 1895 tamen
825 1833 922 1894 illa
945 1833 1128 1895 modis
1160 1834 1365 1914 quibus
1390 1836 1610 1894 inritata
1631 1843 1872 1914 repente

341 1921 555 1979 flamma
578 1919 730 1979 foras
756 1921 932 1979 vastis
954 1920 1177 1980 Aetnae
1201 1919 1528 1980 fornacibus
1553 1919 1714 1980 efflet
1729 1965 1746 1997 ,

340 2002 658 2082 expediam.
693 2005 931 2082 primum
959 2006 1132 2064 totius
1155 2005 1406 2065 subcava
1427 2006 1632 2065 montis

344 2097 435 2150 est
458 2097 652 2147 natura
668 2134 684 2165 ‚
711 2087 836 2149 fere
861 2086 1086 2149 silicum
1109 2087 1338 2149 suffulta
1362 2091 1638 2150 cavernis.

342 2172 601 2233 omnibus
626 2182 714 2232 est
737 2189 912 2251 porro
933 2174 988 2232 in
1016 2172 1310 2252 speluncis
1333 2183 1537 2234 ventus
1564 2184 1621 2234 et
1643 2180 1759 2233 aer.

212 2266 314 2320 685
343 2266 550 2317 ventus
575 2258 724 2316 enim
752 2257 812 2316 fit
827 2301 845 2334 ,
869 2257 966 2317 ubi
990 2267 1080 2318 est
1099 2257 1364 2335 agitando
1386 2260 1641 2337 percitus
1664 2265 1790 2318 aer:

342 2341 435 2401 hic
459 2341 554 2399 ubi
579 2339 859 2419 percaluit
882 2340 1266 2420 calefecitque
1293 2345 1477 2403 omnia
1500 2344 1713 2402 circum

343 2442 477 2486 saxa
498 2425 694 2488 furens
711 2471 729 2502 ,
756 2443 864 2503 qua
891 2427 1200 2504 contingit,
1232 2436 1587 2506 terramque,
1618 2436 1675 2487 et
1698 2427 1767 2487 ab
1791 2424 1922 2486 ollis

342 2510 599 2570 excussit
629 2509 869 2570 calidum
894 2509 1125 2571 flammis
1155 2510 1458 2572 velocibus
1482 2514 1708 2589 ignem,

341 2592 489 2653 tollit
512 2612 578 2654 se
601 2612 669 2655 ac
691 2595 867 2655 rectis
890 2595 965 2654 ita
989 2594 1248 2654 faucibus
1270 2596 1404 2656 eicit
1426 2595 1561 2660 alte.

212 2686 315 2741 690
344 2678 456 2738 fert
480 2679 668 2756 itaque
695 2679 954 2738 ardorem
980 2677 1153 2756 longe
1172 2724 1188 2755 ‚
1214 2677 1505 2757 longeque
1531 2679 1773 2740 favillam

342 2762 563 2839 differt,
590 2771 647 2822 et
673 2780 864 2823 crassa
886 2761 1066 2822 volvit
1092 2763 1336 2840 ealigine
1358 2763 1568 2823 fumum
1586 2810 1603 2841 ,

342 2847 699 2925 extruditque
722 2845 887 2907 simul
912 2845 1163 2906 mirando
1187 2846 1446 2926 pondere
1470 2866 1631 2915 saxa;

339 2950 412 2990 ne
439 2929 662 2990 dubites
688 2932 820 3008 quiu
842 2930 988 2991 haec
1018 2932 1216 2990 animai
1237 2931 1455 2991 turbida
1481 2934 1554 2993 sit
1577 2934 1682 2991 vis.

339 3023 638 3092 praeterea
662 3032 861 3091 magna
885 3033 957 3073 ex
985 3016 1129 3093 parti
1156 3033 1308 3076 mare
1335 3018 1541 3077 montis
1564 3015 1632 3076 ad
1657 3017 1781 3075 eius

214 3106 315 3158 695
343 3097 566 3158 radices
589 3098 796 3175 frangit
821 3098 1026 3159 fluctus
1051 3108 1387 3177 aestumque
1409 3100 1692 3160 resorbet.

346 3198 420 3238 ex
445 3180 558 3240 hoc
581 3200 763 3259 usque
784 3184 921 3241 mari
943 3180 1257 3261 speluncae
1281 3186 1484 3244 montis
1507 3183 1577 3243 ad
1599 3182 1739 3243 altas
1843 3209 1853 3216 ·

348 3265 681 3338 perveniunt
707 3266 905 3324 subter
931 3265 1148 3327 fauces.
1175 3267 1284 3327 hac
1308 3269 1390 3327 ire
1415 3266 1755 3328 fatendumst

349 3354 406 3402 et
432 3355 727 3421 penetrare
753 3351 918 3410 maris
942 3351 1168 3428 penitus
1195 3361 1471 3429 percocta
1494 3354 1549 3411 in
1573 3360 1829 3430 apertum

344 3436 513 3502 atque
544 3428 737 3489 efflare
765 3431 948 3510 foras,
974 3433 1223 3513 ideoque
1250 3434 1533 3495 extollere
1559 3435 1831 3494 flammam

239 3512 323 3565 ’Ὃ
344 3525 590 3587 saxaque
616 3514 938 3577 subiectare
970 3527 1028 3577 et
1049 3537 1255 3579 arenae
1277 3519 1486 3579 tollere
1508 3520 1748 3580 nimbos.
