2409 3825
310 239 387 279 ιιι
1108 219 1535 276 PRAEFATIO.

316 392 633 448 emendatio
651 388 1020 458 Lachmanni,
1059 389 1151 459 qui
1174 389 1241 458 11,
1263 394 1368 446 515
1399 388 1656 443 codicum
1679 388 1973 462 lamnisque
1995 390 2252 482 correxit
2276 392 2330 447 ia

311 481 625 547 uerusque.
690 474 773 527 Ex
795 473 1113 528 huiusmodi
1151 473 1317 542 igitur
1352 472 1558 526 mendo
1594 472 1639 526 si
1664 473 1883 544 priores
1919 474 2067 529 duae
2102 475 2338 532 litterae

315 558 371 614 in
394 555 855 631 lTAS'l'A'l'UAS
890 563 1047 611 ortae
1070 561 1228 623 sunt,
1263 556 1422 610 facile
1465 555 1594 610 iude
1634 557 1692 611 id
1722 559 2059 628 vocabulum
2084 559 2334 626 elicitur,

315 643 467 711 quod
501 643 558 697 in
593 657 822 698 versum
843 645 912 697 42
946 639 1273 695 asciscimus
1314 639 1424 693 sic=
1466 639 1716 695 subsidias
1746 644 1961 713 maynis
1997 640 2334 697 hastatis

313 728 695 782 constabilitas.
762 726 876 779 Iam
898 739 1036 780 vero
1055 739 1287 778 mancus
1311 724 1493 779 evasit
1515 724 1651 778 alter
1676 741 1876 781 versus
1904 730 1992 783 43.
2056 725 2204 780 Eum
2239 727 2333 780 vix

315 810 496 882 aptius
531 817 667 882 puto
709 808 958 879 suppleri
992 823 1164 880 posse
1202 822 1369 878 quam
1413 807 1563 864 idern
1617 810 1948 864 vocabulum
1985 809 2153 865 etiam
2196 817 2334 881 post

313 896 487 949 armis
509 893 776 965 ponendo
802 892 954 961 quod
977 907 1104 947 cum
1126 893 1401 946 animatas
1435 891 1716 946 coniunxit
1738 893 2049 949 Lucretium
2088 900 2334 949 ornatas

312 980 486 1032 armis
521 978 800 1048 pariter
822 977 1150 1048 pariterque
1187 978 1489 1043 animam,
1544 991 1654 1045 quo
1692 976 1948 1048 legiones
1986 994 2097 1032 non
2137 978 2332 1032 minus

315 1062 500 1116 animo
528 1078 695 1131 quam
720 1061 886 1116 armis
910 1076 1080 1131 pares
1108 1077 1236 1115 esse
1264 1059 1539 1118 dicuntur.

441 1314 634 1369 Restat
661 1321 718 1369 ut
740 1313 982 1369 iudicem
1012 1315 1330 1386 signorum,
1370 1317 1568 1386 quibus
1599 1333 1733 1371 usus
1770 1332 1924 1385 sum,
1958 1297 2331 1388 significatio-

317 1415 437 1453 neS.
501 1399 585 1454 Ac
607 1398 847 1470 primum
871 1399 1097 1468 quidem

441 1478 508 1556 [J
537 1483 692 1538 uncis
746 1482 1098 1537 includuntur
1134 1484 1350 1551 omnia,
1390 1499 1534 1553 quae
1561 1485 1918 1554 interpolator
1955 1483 2101 1550 (vid.
2149 1500 2336 1555 supra

317 1585 373 1639 p.
405 1566 523 1634 VI.)
549 1568 640 1623 vel
665 1565 861 1621 alienis
885 1567 1021 1622 locis
1046 1567 1266 1625 iteravit
1284 1567 1375 1621 vel
1400 1568 1521 1639 ipse
1549 1569 1800 1623 confecit.
1854 1567 2068 1621 Deinde

472 1645 500 1726 Η
553 1650 770 1707 lineolis
802 1651 859 1705 in
896 1651 1064 1718 initiis
1116 1659 1169 1707 et
1203 1652 1261 1705 in
1291 1649 1496 1708 finibus
1539 1658 1797 1707 notantur
1845 1668 1948 1705 eae
1995 1650 2332 1721 particulae,

317 1750 456 1804 quas
491 1735 712 1805 scripsit
740 1735 967 1805 quidem
994 1735 1283 1790 Lucretius
1319 1735 1423 1790 sed
1456 1736 1747 1791 seiunctim
1787 1751 1820 1790 a
1856 1735 2114 1790 carminis
2145 1735 2334 1789 conti·

318 1818 523 1872 nuitate
565 1818 621 1871 in
657 1818 1033 1889 singularibus
1069 1818 1352 1873 schedulis
1396 1820 1773 1891 consignavit.
1853 1819 1964 1873 Eas
2000 1818 2064 1885 Q.
2102 1816 2336 1886 Cicer-0,

316 1902 407 1971 qui
445 1906 575 1972 post
601 1905 804 1972 poetae
835 1913 1066 1957 mortem
1105 1919 1333 1958 carmen
1363 1902 1751 1958 Lucretianum
1795 1903 1995 1971 edidit,
2038 1903 2112 1957 ibi
2147 1904 2335 1958 collo·
2387 1831 2401 1953 i

316 1985 464 2042 cavit
487 2000 596 2054 quo
620 1985 901 2055 pertinere
927 1986 1277 2055 videbantur,
1303 2002 1487 2057 neque
1512 1993 1696 2041 tamen
1712 1985 1964 2056 effugere
1989 1986 2168 2057 potuit
2192 1992 2336 2057 quin
2391 1968 2401 2119 1

314 2069 639 2140 interrumpi
669 2069 1022 2139 aequabilem
1046 2069 1305 2123 carminis
1338 2075 1589 2123 tenorem
1610 2070 1732 2124 talis
1760 2071 1930 2125 lector
1959 2072 2159 2124 sentiat
2184 2087 2334 2141 qua·

314 2154 379 2207 lis
406 2153 504 2206 fuit
529 2151 950 2222 LachtnannuS,
988 2153 1080 2222 qui
1123 2153 1349 2223 quidem
1385 2153 1442 2207 in
1481 2153 1597 2208 istis
1628 2154 1913 2225 particulis
1944 2155 2334 2225 segregandis

315 2239 388 2291 ita
421 2243 677 2293 versatus
705 2242 818 2306 est,
858 2242 914 2290 ut
943 2236 1261 2292 nesciamus
1284 2243 1465 2292 utrum
1488 2239 1850 2309 sagacitatem
1874 2239 2051 2310 magis
2075 2238 2332 2303 admire-

314 2337 438 2375 mur
466 2337 537 2375 an
563 2321 1003 2393 temperantiam.
1076 2320 1330 2393 Denique

443 2420 511 2460 ea
544 2406 851 2471 vocabula,
892 2420 1036 2474 quae
1080 2421 1193 2459 non
1234 2412 1453 2462 exstant
1487 2406 1543 2460 in
1581 2407 1867 2463 codicibus
1898 2406 2002 2461 sed
2033 2407 2126 2461 vel
2163 2421 2199 2459 a
2230 2423 2333 2461 su-

314 2488 630 2560 perioribus
656 2489 960 2544 editoribus
984 2490 1078 2545 vel
1108 2506 1141 2544 a
1161 2489 1522 2545 Lachmanno
1552 2493 1645 2547 vel
1675 2508 1708 2546 a
1738 2507 1826 2544 me
1852 2490 2167 2560 excogitata
2196 2497 2335 2544 sunt

316 2572 389 2627 ad
423 2572 729 2643 explendas
771 2574 1173 2629 versiculorum
1212 2591 1535 2643 mensuraS‚
1579 2577 1825 2642 cursim,
1879 2574 2030 2645 quod
2065 2581 2335 2643 vocatur,

313 2658 620 2719 litterarum
639 2671 844 2729 yenere
877 2658 1245 2729 exprimenda
1269 2659 1483 2728 curavi,
1522 2675 1591 2715 ne
1615 2659 1852 2730 amplius
1886 2656 2336 2728 lexicographos
2393 2606 2400 2701 Ι

314 2740 783 2812 grammaticosve
808 2742 1016 2797 fallant.
2395 2754 2400 2855 1

439 2824 736 2879 Praeterea
760 2841 883 2880 cum
907 2825 1001 2894 IV,
1031 2831 1168 2882 1122
1198 2824 1459 2881 codicum
1483 2826 1813 2897 scripturam
1837 2825 2101 2880 alz'densia
2127 2839 2336 2880 nemo·

317 2907 449 2963 dum
497 2908 887 2978 explicaverit,
938 2908 1375 2963 Lachmanniani
1426 2917 1610 2964 autem
1649 2911 1858 2967 inventi
1904 2896 2212 2963 ἇλιδεύσια
2258 2924 2336 2963 ne

315 2990 589 3045 Graccum
625 2991 850 3061 quidem
890 2993 1210 3063 exemplum
1244 2994 1412 3047 ullum
1436 2994 1781 3063 inveniatur,
1816 2995 1988 3048 satius
2017 2994 2207 3049 visum
2244 3000 2336 3047 est

314 3074 571 3129 codicum
602 3075 935 3145 scripturam
956 3077 1225 3130 elidensia
1246 3076 1511 3130 exhibere
1542 3086 1673 3132 nota
1701 3075 1744 3151 ¹2·
1766 3079 2042 3150 apposita.

437 3186 557 3244 Scr.
583 3188 815 3243 Bonnae
842 3206 914 3242 m.
940 3188 1135 3244 Martio
1164 3205 1217 3249 a.
1251 3189 1600 3246 MDCCCLtI.

1054 3377 1175 3386 ⁸⁶—-

1531 3381 1575 3388 -
