2409 3825
264 150 339 218 12
370 221 376 226 ,
1052 162 1280 212 Pnnsn
1322 162 1415 212 1v.

259 302 568 379 Praetegit.
651 301 725 362 Ut
771 303 978 377 mavis,
1026 302 1097 362 da
1139 302 1320 363 verba
1367 313 1425 362 et
1463 304 1673 381 decipe
1715 321 1953 379 nervoS,

259 387 320 445 Si
370 394 670 464 potes.4—·
718 384 1033 462 Egregium
1077 404 1248 463 quum
1290 404 1381 445 me
1427 388 1636 447 vicinia
1682 387 1855 461 dicat,

258 467 387 528 Non
434 466 703 528 credam?
735 502 819 515 -—·
857 468 999 529 Viso
1048 471 1095 527 si
1140 469 1366 547 palles,
1415 470 1712 547 improbe,
1765 489 2020 547 nummo,

259 552 321 612 Si
365 551 508 611 facis
555 553 612 610 in
655 570 862 629 penem
912 552 1184 630 quidquid
1231 552 1333 632 tibi
1375 556 1532 612 venit
1582 571 1851 629 amarum,

259 635 320 693 Si
365 636 562 712 puteal
605 636 779 694 multa
830 645 1030 694 cautus
1074 634 1264 694 vibice
1311 635 1604 713 flagellas:

256 715 615 795 Nequiquam
658 718 877 795 populo
922 718 1148 778 bibulas
1195 718 1503 779 donaveris
1547 737 1738 779 aures.

257 798 528 877 Respue,
574 801 729 879 quod
774 818 888 884 non
933 819 1026 870 es;
1072 800 1240 860 tollat
1278 820 1381 861 sua
1422 820 1654 861 munera
1699 802 1907 869 cerdo;

260 881 474 943 Tecum
520 884 747 959 hahita:
795 886 984 960 noris,
1034 902 1200 963 quam
1246 886 1319 946 sit
1355 884 1458 945 tibi
1503 894 1663 947 curta
1708 886 2000 963 supellex.

921 1214 1394 1280 SATIRA
1457 1214 1535 1279 V.

256 1342 509 1434 Vatibus
554 1373 648 1432 hic
691 1389 815 1432 mos
862 1383 981 1448 est,
1034 1381 1259 1432 centum
1304 1372 1412 1433 sibi
1455 1390 1705 1451 poscere
1751 1388 1957 1445 voces,

258 1457 501 1516 Centum
553 1473 653 1515 ora
702 1466 759 1515 et
806 1457 1027 1533 linguas
1079 1466 1285 1534 optare
1328 1457 1384 1514 in
1432 1458 1680 1516 carmina
1729 1464 1975 1530 centum,

255 1539 470 1600 Fabula
515 1551 618 1597 seu
665 1549 892 1599 moesto
939 1549 1183 1617 ponatur
1216 1539 1420 1599 hianda
1463 1539 1766 1615 tragoedo,
1897 1598 1904 1602 .

258 1623 507 1684 Vulnera
555 1640 657 1680 seu
703 1622 892 1683 Parthi
946 1623 1208 1682 ducentis
1256 1622 1326 1681 ab
1371 1623 1598 1699 inguine
1640 1622 1873 1681 ferrum.
1902 1656 1985 1665 —

254 1705 541 1779 Quorsum
586 1703 774 1764 haec?
814 1715 909 1765 aut
959 1716 1197 1783 quantas
1244 1705 1466 1776 robusti
1514 1706 1777 1764 carminis
1821 1703 1968 1763 offas

253 1789 509 1865 IngeriS,
566 1797 626 1847 ut
679 1807 785 1866 par
833 1790 906 1847 sit
955 1798 1202 1848 centeno
1250 1798 1479 1865 gutture
1525 1785 1665 1847 niti?

253 1871 479 1933 Grande
522 1871 770 1932 locuturi
818 1871 1062 1932 nebulas
1104 1872 1387 1934 Helicone
1438 1871 1699 1949 legunto,

252 1957 313 2014 Si
362 1955 566 2035 quibus
613 1965 708 2015 aut
752 1956 1039 2031 Procnes,
1086 1966 1180 2016 aut
1226 1958 1274 2014 si
1319 1956 1520 2034 quibus
1567 1956 1682 2015 olla
1728 1953 2017 2030 Thyestae

251 2037 558 2113 Fervehit,
614 2057 794 2117 saepe
842 2039 1059 2098 insulso
1106 2040 1401 2099 coenanda
1438 2039 1713 2113 Glyconi;

253 2122 336 2181 Tu
382 2140 569 2200 neque
616 2122 932 2197 anhelanti,
976 2124 1243 2200 coquitur
1292 2123 1421 2183 dum
1468 2140 1657 2181 massa
1702 2123 1946 2195 camino,

250 2204 419 2264 Folle
465 2207 678 2282 premis
720 2215 961 2280 ventOS,
1015 2224 1125 2265 nec
1167 2206 1368 2265 clauso
1420 2223 1702 2265 murmure
1743 2221 1953 2264 raucus

248 2286 464 2351 Nescio
510 2287 643 2364 quid
681 2297 866 2347 tecum
911 2307 1090 2364 grave
1142 2290 1459 2347 cornicaris
1501 2289 1720 2365 inepte,

248 2369 374 2429 Nec
417 2369 650 2448 stloppo
696 2372 936 2431 tumidas
982 2372 1229 2431 intendis
1275 2389 1543 2448 rumpere
1589 2370 1825 2430 buccas,

246 2452 443 2513 Verba
490 2463 665 2529 togae
711 2457 977 2532 sequeris
1021 2457 1280 2514 iunctura
1330 2454 1574 2514 callidus
1621 2455 1762 2529 acri,

249 2536 365 2596 Ore
410 2547 568 2596 teres
612 2538 874 2613 modico,
919 2538 1210 2616 pallentes
1253 2538 1459 2596 radere
1500 2555 1693 2596 mores

247 2620 468 2679 Doctus
514 2630 572 2681 et
615 2623 865 2696 ingenuo
911 2621 1137 2699 culpam
1181 2621 1442 2696 defigere
1486 2621 1642 2682 ludo.

244 2703 388 2762 Hinc
429 2704 592 2763 trahe
638 2721 786 2781 quae
829 2704 1021 2779 dicas,
1066 2722 1411 2781 mensasque
1456 2704 1719 2781 relinque
1763 2701 2024 2778 Mycenis

248 2785 389 2846 Cum
433 2788 623 2864 capite
669 2783 736 2858 et'
773 2787 1055 2864 pedibuS,
1104 2787 1454 2865 plebeiaque
1507 2787 1743 2865 prandia
1787 2788 1964 2845 noris.
1992 2821 2076 2873 f-

244 2869 375 2929 Non
424 2871 688 2947 equidem
729 2870 843 2929 hoc
896 2870 1139 2946 studeo,
1187 2870 1419 2931 bullatis
1457 2879 1527 2930 ‘ut
1580 2870 1714 2929 mihi
1764 2872 1931 2946 nugis

242 2952 453 3029 Pagina
502 2963 827 3030 turgescat,
881 2952 1019 3014 dare
1059 2954 1284 3032 pondus
1325 2953 1532 3013 idonea
1577 2953 1753 3012 fumo.

243 3037 471 3093 Secreti
522 3037 831 3113 loquimur:
883 3038 984 3095 tibi
1033 3056 1213 3111 nunc,
1259 3037 1526 3096 hortante
1581 3034 1852 3109 Camena,

241 3112 602 3176 Excutienda
650 3118 846 3176 damus
893 3120 1271 3195 praecordia,
1318 3122 1642 3197 quantaque
1686 3127 1921 3177 nostrae

243 3191 381 3249 Pars
423 3204 515 3252 tua
557 3199 660 3271 sit,
709 3197 994 3273 Cornute,
1036 3203 1288 3275 animae,
1336 3202 1467 3275 tibi,
1513 3202 1698 3261 dulcis
1736 3202 1941 3275 amice,

243 3267 581 3332 Ostendisse
627 3279 809 3337 iuvat:
852 3281 1049 3356 pulsa,
1095 3283 1402 3348 dinoscere
1454 3293 1675 3358 cautus,

244 3344 390 3419 Quid
434 3352 678 3414 solidum
724 3370 926 3443 crepet
979 3371 1036 3420 et
1080 3366 1272 3449 pictae
1319 3367 1562 3431 tectoria
1605 3367 1857 3453 linguae.

2161 735 2237 786 50

2151 2137 2223 2188 10

2145 2552 2210 2603 15

2136 2965 2209 3017 20

2133 3381 2204 3473 ,²5
