2409 3825
299 201 422 266 156
992 166 999 172 ’
1275 200 1327 257 v

298 379 432 434 1145
467 379 675 469 sponte
700 386 800 429 sua
826 367 1033 429 cecIdit
1055 367 1159 427 sub
1183 366 1353 444 leges
1373 376 1606 445 artaque
1629 367 1765 426 iura.

462 456 650 514 acrius
672 472 749 515 ex
774 454 855 511 ira
885 450 1037 531 quod
1067 451 1215 511 enim
1248 470 1313 510 se
1338 452 1580 528 quisque
1604 450 1835 529 parabat

465 538 667 598 ulcisci
693 553 857 616 quam
879 553 1029 595 nunc
1056 543 1453 595 concessumst
1471 533 1699 612 legibus
1720 533 1919 611 aequis
1936 578 1957 610 ‚

467 622 609 682 hanc
634 622 710 681 ob
741 638 863 679 rem
893 629 982 681 est
1003 618 1262 679 homines
1291 627 1618 696 pertaesum
1646 619 1701 676 vi
1727 615 1923 677 colere
1949 634 2214 677 aevom.

466 704 596 765 inde
618 714 805 764 metus
825 701 1069 762 maculat
1091 719 1400 781 poenarum
1423 702 1672 780 praemia
1694 702 1861 761 vitae.

297 801 436 853 1150
469 789 816 849 circumretit
841 788 990 845 enim
1013 787 1101 846 vis
1127 795 1300 865 atque
1328 785 1526 844 iniuria
1551 803 1836 863 quemque
1854 828 1872 862 ‚

464 882 635 950 atque
665 870 814 929 unde
835 879 1119 948 exortast‚
1147 867 1217 928 ad
1243 887 1371 928 eum
1398 866 1735 948 plerumque
1758 868 2033 947 revertit,

467 973 578 1015 nec
594 953 829 1020 ‚facilest
853 951 1131 1032 placidam
1153 970 1221 1011 ac
1246 962 1500 1031 pacatam
1525 952 1741 1030 degere
1768 953 1933 1012 vitam

469 1041 564 1116 qui
594 1037 769 1107 violat
797 1038 963 1097 factis
996 1038 1308 1096 communia
1337 1035 1573 1096 foedera
1604 1038 1795 1114 pacis:

468 1124 577 1182 etsi
600 1120 743 1182 fallit
763 1122 913 1182 enim
937 1119 1123 1180 divom
1147 1138 1332 1197 genus
1355 1119 1767 1198 humanumque
1784 1165 1802 1196 ‚

304 1217 440 1268 1155
472 1214 757 1285 perpetuo
785 1214 972 1265 tamen
994 1202 1051 1263 id
1074 1202 1199 1263 fore
1227 1202 1371 1263 clam
1403 1202 1658 1265 diffidere
1684 1203 1888 1271 dehet;

471 1292 684 1369 quippe
708 1289 803 1349 ubi
830 1307 895 1348 se
916 1287 1074 1347 multi
1105 1305 1213 1366 per
1234 1289 1447 1347 somnia
1473 1306 1649 1367 saepe
1677 1287 1986 1366 loquentes

469 1382 563 1433 aut
583 1373 783 1433 morbo
807 1371 1115 1432 delirantes
1138 1380 1408 1449 protraxe
1432 1369 1683 1431 ferantur

471 1468 530 1518 et
561 1455 746 1518 celata
767 1456 974 1516 mala
956 1474 1013 1513 ιιι
1040 1454 1286 1539 medium
1311 1464 1368 1514 et
1392 1464 1632 1533 peccata
1654 1454 1902 1518 dedisse
1932 1450 1962 1535 Η

554 1539 718 1600 Nunc
743 1557 888 1617 quae
920 1534 1087 1599 causa
1113 1537 1279 1597 deum
1309 1557 1416 1617 per
1443 1557 1676 1617 magnas
1695 1540 1916 1600 numina
1937 1538 2145 1618 gentis

303 1635 442 1690 1160
469 1623 825 1706 pervulgarit
854 1633 912 1683 et
937 1640 1153 1681 ararum
1181 1622 1557 1699 compleverit
1584 1623 1740 1683 urbis

474 1707 951 1788 suscipiendaque
979 1707 1185 1765 curarit
1211 1704 1506 1768 sollemnia
1529 1725 1692 1767 sacra
1707 1753 1725 1783 ‚

475 1811 621 1872 quae
642 1810 793 1852 nunc
821 1793 878 1849 in
900 1791 1117 1868 magnis
1142 1790 1347 1849 florent
1371 1808 1530 1852 sacra
1559 1791 1719 1850 rebu'
1745 1789 2008 1870 locisque
2024 1836 2045 1870 ‚

474 1876 622 1937 unde
653 1878 820 1937 etiam
842 1892 991 1934 nunc
1014 1881 1103 1936 est
1124 1873 1457 1935 mortalibus
1482 1875 1688 1956 ‘insitus
1713 1874 1914 1935 horror
1929 1923 1949 1954 ,

475 1963 568 2039 qui
593 1959 828 2019 delubra
857 1957 1025 2019 deum
1052 1974 1198 2018 nova
1224 1967 1345 2018 toto
1373 1962 1608 2020 suscitat
1639 1960 1763 2019 orbi

307 2054 443 2109 1165
475 2054 749 2103 terrarum
781 2052 839 2103 et
863 2042 1026 2104 festis
1050 2044 1207 2120 cogit
1231 2041 1527 2103 celebrare
1554 2042 1756 2104 diebus
1773 2088 1792 2119 ,

475 2146 587 2187 non
604 2130 682 2188 ita
705 2126 995 2187 difficilest
1015 2128 1291 2186 rationem
1312 2125 1556 2187 reddere
1585 2128 1796 2189 verbis,

477 2213 692 2290 quippe
714 2213 923 2271 etenim
945 2212 1051 2271 iam
1071 2220 1186 2270 tum
1214 2209 1399 2269 divom
1423 2210 1679 2271 mortalia
1709 2210 1903 2271 saecla

475 2296 743 2372 egregias
764 2295 947 2353 animo
977 2293 1158 2356 facies
1185 2293 1458 2372 vigilante
1480 2293 1783 2372 videbant,

480 2388 538 2438 et
560 2378 738 2456 magis
761 2379 815 2436 in
839 2379 1049 2438 somnis
1079 2377 1330 2437 mirando
1359 2380 1620 2457 corporis
1641 2388 1827 2438 auctu.

308 2471 447 2527 1170
471 2462 559 2523 his
586 2463 756 2540 igitur
781 2480 1008 2522 sensum
1039 2462 1361 2522 tribuebant
1384 2471 1692 2540 propterea
1716 2461 1868 2540 quod

475 2546 724 2606 membra
754 2563 986 2606 movere
1015 2545 1349 2605 videbantur
1369 2562 1664 2623 vocesque
1690 2545 1970 2624 superbas

477 2634 700 2691 mittere
724 2647 829 2708 pro
859 2628 1008 2690 facie
1031 2629 1326 2707 praeclara
1353 2639 1414 2689 et
1435 2630 1650 2690 viribus
1671 2628 1891 2708 amplis.

475 2724 875 2791 aeternamque
907 2711 1108 2773 dabant
1131 2714 1299 2771 vitam
1318 2715 1496 2792 ‚quia
1520 2730 1749 2792 semper
1770 2731 1967 2774 eorum

310 2847 315 2851 .
480 2797 944 2875 subpeditabatur
970 2796 1150 2857 facies
1180 2805 1240 2856 et
1261 2795 1439 2857 forma
1468 2798 1760 2874 manebat,

314 2889 447 2944 1175
484 2891 541 2941 et
564 2891 749 2941 tamen
774 2883 999 2941 omnino
1026 2879 1178 2978 quod
1199 2882 1366 2941 tantis
1389 2881 1604 2941 viribus
1626 2890 1826 2941 auctos

363 2987 406 3043 ι,
478 2983 591 3023 ιιοιι
617 2974 833 3025 temere
857 2963 971 3024 ulla
998 2965 1055 3022 vi
1080 2965 1341 3026 convinci
1365 2981 1541 3043 posse
1565 2965 1850 3041 putabant.

416 3066 441 3094 τ
436 3049 833 3147 fortunisque
863 3048 994 3108 ideo
1023 3048 1197 3126 longe
1226 3058 1517 3126 praestare
1541 3048 1843 3127 putabant,

456 3125 634 3208 ‘quod
655 3133 849 3191 mortis
872 3133 1038 3191 timor
1064 3131 1196 3192 haut
1227 3149 1571 3229 quemquam
1586 3141 1824 3193 vexaret
1848 3148 2045 3192 eorum
2060 3175 2081 3209 ‚

483 3222 542 3271 et
572 3211 781 3273 simul
764 3233 818 3272 m
843 3217 1052 3275 somnis
1074 3217 1202 3292 quia
1224 3214 1396 3274 multa
1419 3224 1477 3274 et
1499 3216 1636 3275 mira
1659 3215 1926 3275 videbant

319 3303 455 3356 1180
486 3294 723 3354 efficere
754 3305 810 3354 et
836 3296 1047 3355 nullum
1073 3315 1285 3375 capere
1313 3300 1473 3376 ipsos
1502 3296 1633 3358 inde
1662 3296 1934 3359 lahorem.

487 3385 785 3453 praeterea
810 3377 954 3437 caeli
983 3380 1233 3441 rationes
1262 3380 1456 3440 ordine
1490 3390 1650 3439 certo

485 3468 543 3517 et
567 3457 717 3516 varia
739 3476 1006 3518 annorum
1033 3462 1342 3522 cernebant
1363 3472 1620 3541 tempora
1641 3463 1819 3540 verti,
