2409 3825
162 196 248 259 60
1137 191 1192 251 11

165 370 305 426 1090
421 360 582 435 Quae
606 361 755 441 bene
785 361 1014 437 cognita
1037 360 1086 418 si
1112 367 1310 418 teneas
1327 397 1346 432 ,
1371 365 1566 416 natura
1597 354 1821 415 videtur

334 445 517 504 libera
541 446 807 505 continuo
823 489 841 520 ,
871 443 1109 503 dominis
1138 443 1356 520 privata
1378 440 1641 520 superbis
1660 485 1678 516 ,

334 532 460 607 ipsa
480 546 582 588 sua
609 547 716 607 per
739 547 805 588 se
829 536 1037 606 sponte
1061 527 1246 585 omnia
1267 525 1352 585 dis
1379 542 1553 601 agere
1579 541 1812 602 expers.

334 629 588 691 namrpro
605 658 623 690 ,
648 621 845 673 sancta
869 611 1036 670 deum
1058 607 1358 688 tranquilla
1379 617 1618 687 pectora
1643 624 1786 686 pace

334 714 480 776 quae
510 693 795 774 placidum
819 694 1031 771 degunt
1055 711 1258 752 aevom
1282 694 1565 772 vitamque
1589 709 1850 752 serenam
1865 735 1883 767 ‚

164 790 302 844 1095
336 781 463 859 quis
487 797 699 856 regere
724 778 980 837 immensi
1005 793 1308 853 summam,
1338 777 1464 855 quis
1489 776 1706 836 habere
1729 773 1994 854 profundi

333 863 466 924 indu
488 880 652 921 manu
674 860 892 921 validas
919 863 1071 940 potis
1097 870 1186 921 est
1212 860 1572 920 moderanter
1591 858 1841 919 habenas
1859 903 1877 935 ‚

336 948 461 1026 quis
488 947 702 1025 pariter
732 944 927 1006 caelos
953 946 1131 1004 omnis
1163 952 1504 1004 convertere
1529 951 1586 1004 et
1609 943 1786 1003 omnis

333 1030 559 1108 ignibus
582 1028 852 1089 aetheriis
876 1038 1058 1089 terras
1084 1027 1283 1088 suffire
1310 1027 1518 1088 feracis
1537 1073 1555 1105 ‚

336 1115 595 1175 omnibus
626 1115 755 1173 inve
779 1112 926 1174 locis
952 1132 1087 1174 esse
1116 1113 1550 1189 omnitempore
1574 1119 1806 1191 praesto
1822 1155 1839 1185 ‚

166 1210 306 1263 1100
333 1198 578 1260 nubibus
601 1206 662 1257 ut
685 1197 953 1257 tenebras
977 1196 1148 1256 faciat
1179 1194 1440 1273 caelique
1464 1212 1670 1255 serena

336 1283 624 1344 concutiat
647 1282 833 1342 sonitu
854 1327 871 1358 ,
899 1290 1017 1340 tum
1040 1279 1273 1339 fulmina
1294 1281 1470 1338 mittat
1497 1289 1555 1339 et
1577 1277 1736 1339 aedis

336 1385 514 1446 saepe
539 1384 671 1426 suas
697 1365 977 1426 disturbet
1001 1374 1060 1424 et
1078 1366 1135 1423 in
1158 1363 1387 1422 deserta
1409 1362 1693 1423 recedens

334 1452 585 1528 saeviat,
611 1467 895 1511 exercens
917 1447 1094 1508 telum
1113 1494 1131 1524 ‚
1158 1447 1311 1527 quod
1333 1464 1510 1525 saepe
1534 1455 1813 1507 nocentes

334 1536 606 1615 praeterit
630 1535 1026 1612 exanimatque
1051 1531 1314 1609 indiguos
1336 1533 1508 1610 inque
1528 1526 1858 1591 merentes?
1885 1527 1918 1615 Π

168 1629 303 1683 1105
416 1617 709 1697 Multaque
734 1627 869 1699 post
892 1616 1080 1676 mundi
1099 1625 1325 1695 tempus
1348 1614 1601 1693 genitale
1626 1614 1887 1692 diemque

335 1705 709 1783 primigenum
731 1703 899 1762 maris
923 1711 982 1761 et
1006 1710 1192 1761 terrae
1217 1698 1473 1778 solisque
1504 1709 1762 1760 coortum

337 1787 524 1847 addita
550 1803 793 1865 corpora
815 1795 945 1846 sunt
969 1785 1331 1845 extrinsecus
1349 1828 1367 1861 ,
1392 1783 1576 1843 addita
1600 1784 1813 1844 circum

338 1873 585 1949 semina,
612 1888 757 1951 quae
778 1887 1042 1948 magnum
1063 1866 1362 1929 iaculando
1390 1866 1625 1929 contulit
1650 1885 1847 1937 omne;

334 1955 484 2016 unde
507 1973 659 2015 mare
688 1963 745 2015 et
776 1964 963 2015 terrae
993 1962 1236 2033 possent
1257 1971 1612 2030 augescere,
1645 1962 1704 2013 et
1727 1951 1878 2013 unde

168 2051 307 2105 1110
336 2048 642 2119 appareret
665 2040 905 2117 spatium
929 2036 1075 2097 caeli
1098 2036 1297 2096 domus
1322 2035 1548 2115 altaque
1571 2046 1726 2097 tecta

337 2124 572 2185 tolleret
597 2142 629 2184 a
656 2124 825 2183 terris
856 2120 1094 2202 procul,
1130 2130 1189 2181 et
1215 2128 1591 2198 consurgeret
1615 2126 1733 2180 aer.

339 2228 465 2268 nam
488 2227 590 2268 sua
615 2209 822 2286 cuique
837 2253 855 2284 ,
878 2206 1028 2267 locis
1053 2225 1129 2266 ex
1151 2205 1409 2265 omnibus
1428 2251 1447 2282 ‚
1472 2206 1655 2264 omnia
1677 2204 1865 2284 plagis

338 2309 584 2370 corpora
608 2292 1013 2352 distribuuntur
1041 2300 1100 2349 et
1124 2290 1195 2349 ad
1220 2307 1321 2349 sua
1343 2287 1537 2349 saecla
1561 2288 1874 2367 recedunt,

338 2394 500 2437 umor
521 2375 590 2435 ad
613 2393 897 2451 umorem,
923 2382 1151 2434 terreno
1177 2390 1424 2451 corpore
1447 2382 1599 2434 terra

168 2472 304 2526 1115
338 2462 581 2538 crescit,
615 2469 672 2520 et
696 2461 887 2537 ignem
909 2459 1073 2535 ignes
1096 2457 1416 2536 procudunt
1438 2462 1687 2535 aeraque
1711 2465 1856 2535 ae‘r,

338 2547 584 2624 donique
610 2544 680 2604 ad
704 2552 1013 2603 extremam
1037 2540 1340 2601 crescendi
1362 2541 1577 2619 perfica
1597 2541 1764 2602 finem

337 2631 519 2691 omnia
541 2627 807 2708 perduxit
830 2643 1019 2686 rerum
1042 2634 1237 2685 natura
1263 2626 1535 2694 creatrix;

336 2724 395 2775 ut
420 2715 479 2775 fit
503 2714 600 2774 uhi
621 2710 737 2772 nilo
761 2714 869 2770 iam
890 2708 1021 2789 plus
1046 2718 1136 2769 est
1163 2708 1316 2788 quod
1338 2709 1500 2768 datur
1523 2710 1668 2769 intra

334 2798 521 2859 vitalis
544 2815 722 2858 venas
751 2812 915 2875 quam
946 2793 1098 2872 quod
1121 2793 1241 2853 fluit
1266 2801 1435 2873 atque
1459 2789 1701 2854 recedit.

168 2893 306 2947 1120
336 2881 595 2942 omnibus
620 2880 708 2941 his
733 2888 892 2941 aetas
922 2877 1097 2937 debet
1123 2879 1443 2938 consistere
1469 2877 1676 2937 rebus:

336 2967 431 3027 hic
453 2974 649 3025 natura
673 2966 792 3025 suis
815 2962 1069 3022 refrenat
1092 2962 1307 3021 viribus
1331 2970 1573 3020 auctum.

333 3069 462 3112 nam
488 3065 880 3129 quaecumque
904 3046 1066 3107 vides
1089 3045 1270 3106 hilaro
1294 3044 1681 3123 grandescere
1703 3043 1946 3104 adauctu

333 3134 717 3214 paulatimque
742 3131 952 3208 gradus
974 3132 1175 3190 aetatis
1198 3128 1477 3190 scandere
1502 3126 1726 3187 adultae
1746 3172 1764 3203 ,

335 3216 500 3296 plura
524 3216 632 3275 sibi
657 3214 954 3274 adsumunt
979 3232 1145 3293 quam
1168 3213 1241 3273 de
1264 3232 1330 3273 se
1362 3228 1606 3289 corpora
1628 3211 1885 3287 mittunt,

171 3308 304 3361 1125
336 3300 467 3359 dum
496 3297 666 3357 facile
689 3298 745 3355 in
769 3316 946 3357 venas
981 3297 1142 3357 cibus
1166 3298 1346 3356 omnis
1371 3294 1606 3370 inditur,
1632 3304 1690 3354 et
1719 3293 1847 3352 dum

262 3455 265 3458 Ι
334 3382 546 3440 nonita
572 3389 699 3440 sunt
722 3380 835 3438 late
859 3380 1153 3457 dispersa,
1180 3387 1240 3438 ut
1260 3378 1433 3437 multa
1460 3379 1744 3436 remittant

337 3472 396 3523 et
416 3462 548 3541 plus
574 3462 832 3540 dispendi
856 3461 1064 3522 faciant
1094 3479 1260 3540 quam
1282 3462 1535 3520 vescitur
1557 3467 1733 3519 aetas.
1759 3467 1766 3472 ’
