2409 3825
436 960 550 1078 Q.
634 960 1196 1060 VALERII
1282 956 1847 1058 CATVLLI

994 1149 1301 1209 LIBER.

1117 1364 1177 1442 1.

354 1482 541 1582 Quoi
583 1497 753 1562 dono
796 1496 1078 1582 lepidum
1119 1517 1358 1563 novom
1399 1496 1687 1561 libellum

357 1582 559 1645 Arida
599 1581 791 1646 modo
835 1581 1087 1666 pumice
1131 1580 1527 1664 expolimm‘?

356 1664 646 1748 Corneli,
689 1665 840 1729 tibi:
883 1685 1161 1748 namque
1203 1669 1278 1728 tu
1321 1664 1573 1729 solebas
1706 1719 1711 1723 .

357 1749 537 1814 Meas
579 1770 719 1814 esse
762 1749 1001 1832 aliquid
1041 1752 1268 1833 putare
1309 1769 1517 1834 nugas
1530 1796 1550 1831 ‚

357 1833 497 1899 Iam
538 1835 677 1898 tum
720 1853 864 1898 cum
908 1854 1098 1897 ausus
1142 1854 1209 1898 es
1251 1854 1417 1897 unus
1460 1831 1768 1901 Italorum

357 1918 565 1983 Omne
610 1940 834 1983 aevum
875 1918 1080 1983 tribus
1124 1918 1444 2001 explicare
1488 1916 1726 1982 chartis

359 2000 584 2067 Doctis
596 2051 615 2083 ,
658 2002 975 2086 Iuppiter,
1022 2004 1087 2066 et
1128 2001 1485 2067 laboriosis,

357 2087 570 2162 Quare
610 2085 777 2150 habe
818 2086 940 2151 tibi
983 2086 1289 2171 quidquid
1330 2085 1456 2150 hoc
1496 2083 1730 2167 libelli,

357 2170 829 2253 Qualecumque
837 2219 858 2250 ,
904 2170 1071 2253 quod
1113 2192 1152 2235 o
1196 2172 1471 2255 patrona
1510 2168 1726 2254 virgo,

361 2253 514 2319 Plus
557 2275 687 2319 uno
729 2257 987 2319 maneat
1026 2276 1307 2338 perenne
1351 2253 1582 2318 saeclo,

1100 2468 1194 2541 Π.

363 2592 619 2675 Passer,
664 2590 927 2655 deliciae
967 2611 1146 2654 meae
1187 2590 1467 2687 puellae,

362 2675 635 2751 Quicum
678 2675 893 2740 ludere
971 2696 1158 2759 quem
1200 2697 1272 2738 111
1315 2674 1461 2738 sinu
1503 2676 1720 2739 tenere
1734 2720 1757 2757 ,

362 2760 531 2835 Quoi
572 2760 848 2844 primum
890 2724 1163 2844 digitum
1204 2758 1354 2823 dare
1399 2758 1728 2843 adpetenti

363 2844 455 2909 Et
496 2844 659 2908 acris
704 2843 867 2907 solet
907 2843 1173 2907 incitare
1215 2863 1495 2928 morsus,

362 2927 531 2994 Cum
574 2928 885 2993 desiderio
929 2948 1072 2992 meo
1115 2927 1350 2991 nitenti

270 3048 273 3051 ⁴
362 3011 598 3078 Garum
641 3011 1015 3095 nescioquid
1056 3011 1217 3076 libet
1256 3010 1455 3077 iocari

364 3095 459 3161 Vt
500 3096 873 3161 solaciolum
916 3095 1016 3160 sui
1059 3095 1297 3161 doloris
1306 3145 1326 3178 ‚

363 3180 573 3246 Credo
616 3183 689 3245 ut
728 3180 859 3244 iam
900 3179 1115 3264 gravis
1160 3179 1521 3263 acquiescat
1563 3179 1781 3245 ardor:

366 3263 605 3330 Tecum
648 3263 864 3329 ludere
903 3265 1073 3329 sicui:
1112 3263 1256 3348 ipsa
1295 3284 1553 3348 possem

365 3347 457 3413 Et
495 3348 700 3414 tristis
744 3345 943 3414 animi
985 3349 1195 3413 levare
1243 3350 1450 3413 curas!

848 3459 886 3500 ιιι
1091 3456 1131 3499 *
1339 3457 1377 3498 ιιι

301 3535 559 3580 cumn.
1797 3534 1823 3581 1

1949 2253 2126 2313 ’10

2064 3356 2131 3405 10
