2409 3825
749 229 800 278 1.
865 226 1268 279 mmmmm.
1315 204 1464 276 i-s.
1525 250 1531 256 -
2020 215 2064 281 3

38 450 41 451 ⁷
109 367 358 433 dentes
411 352 887 462 responderunt
936 366 1080 431 tum
1134 364 1202 427 id
1257 385 1324 428 se
1377 363 1660 429 facturos
1671 413 1691 448 ,
1755 386 1900 430 cum
1953 365 2064 430 ille

110 451 325 515 domo
382 450 658 514 navlbus
714 447 1126 532 proficiscens
1181 451 1378 512 vento
1431 449 1732 532 aquilone
1783 449 2067 514 venisset

110 534 470 599 Lemnum.
542 533 652 596 hic
690 532 863 596 enim
890 526 1121 597 ventus
1150 532 1232 596 ab
1263 532 1807 615 septentrionibus
1850 532 2068 598 oriens

112 618 470 684 adversum
511 620 691 680 tenet
741 615 1019 680 Athenis
1117 615 1639 681 roficiscentibus.
1739 615 2062 682 Miltiades
2091 630 2124 679 6

110 700 430 768 morandi
484 704 738 783 tempus
789 721 927 764 non
989 699 1077 764 ha
1119 720 1235 764 ens
1299 721 1553 765 cursum
1617 701 1877 785 direxit,
1936 722 2065 784 quo

38 814 41 859 ᾗ
110 785 470 867 tendebat,
514 784 935 867 pervenitque
963 782 1450 850 Chersonesum.

300 868 404 933 Ibi
423 869 605 933 brevi
626 871 917 951 tempore
927 869 1353 932 barbarorum
1376 869 1578 952 copiis
1602 869 1882 934 disiectis
1923 872 2064 934 tota
2096 868 2140 934 2

112 953 420 1040 regione,
464 974 656 1037 quam
684 952 976 1035 petierat,
1017 952 1283 1036 potitus,
1337 952 1482 1017 loca
1507 953 1786 1018 castellis
1832 919 2066 1018 idonea

116 1037 545 1120 communiit,
591 1035 1102 1120 multitudinem,
1156 1057 1352 1120 quam
1393 1057 1607 1104 secum
1651 1036 1949 1121 duxerat,
1992 1038 2066 1102 in

116 1122 308 1208 agris
352 1121 693 1186 collocavit
722 1121 1086 1204 crebrisque
1115 1120 1597 1186 excursionibus
1626 1121 1772 1186 locu
1817 1122 2061 1186 letavit.

116 1226 392 1356 ξιξ-ἓξὲξ
409 1206 624 1353 11113118
685 1204 759 1269 in
821 1226 898 1270 ea
952 1224 1024 1268 re
1087 1204 1430 1352 prudentia
1458 1227 1690 1354 ‘ffliam
1732 1143 2067 1353 dspelsssslssatss
2091 1219 2122 1267 2

237 1311 285 1354 u
452 1310 487 1354 e
554 1338 569 1354 .
666 1310 819 1352 nam
882 1309 1031 1371 curp-
1083 1291 1477 1352 virtue·mi
1556 1311 1668 1354 um
1773 1308 2036 1354 evicisse

38 1382 41 1451 ἐ
116 1374 421 1441 hostium
475 1374 787 1437 exercitus
797 1423 816 1457 ,
882 1394 1130 1437 summa
1192 1372 1515 1455 aequitate
1574 1394 1676 1437 res
1731 1373 2067 1438 constituit

120 1464 329 1542 atque
372 1458 510 1540 ipse
552 1456 790 1521 ibidem
832 1477 1090 1521 manere
1133 1454 1433 1521 decrevit.
1513 1460 1651 1522 erat
1692 1457 1866 1521 enim
1893 1458 2062 1522 inter
2089 1470 2124 1519 3

122 1564 246 1609 eos
291 1541 606 1625 dignitate
650 1540 846 1625 regia,
878 1541 1186 1624 *quamvis
1230 1541 1488 1605 carebat
1528 1541 1810 1624 nomine,
1853 1561 2064 1625 neque

122 1627 196 1691 id
243 1625 454 1710 magis
497 1625 767 1707 imperio
813 1646 1005 1707 quam
1047 1625 1294 1692 iustitia
1335 1628 1733 1689 consecutus.
1856 1646 2066 1708 neque

38 1774 39 1777 ,
124 1732 209 1775 eo
290 1709 499 1774 secius
550 1707 1054 1772 Atheniensibus
1067 1757 1085 1790 ,
1147 1730 1186 1773 a
1241 1708 1473 1790 quibus
1539 1712 1676 1772 erat
1717 1708 2065 1792 profectus,

38 1834 41 1877 l
125 1793 355 1860 officia
381 1793 765 1876 praestabat.
839 1792 1072 1875 quibus
1114 1792 1306 1856 rebus
1333 1791 1531 1855 fiebat
1571 1796 1647 1856 ut
1686 1814 1824 1856 non
1850 1793 2066 1857 minus

124 1899 362 1945 eorum
413 1876 747 1942 voluntate
850 1878 1114 1960 erpetuo
1158 1875 1499 1959 imperium
1545 1876 1895 1961 obtineret,
1952 1879 2063 1961 qui

38 1961 43 2044 ἵ
123 1964 465 2044 miserant,
509 1983 701 2045 quam
743 1961 767 2024 i
820 1982 1024 2044 orum,
1068 1981 1225 2042 cum,
1262 1960 1497 2043 quibus
1537 1965 1676 2026 erat
1715 1962 2061 2045 profectus.

128 2046 537 2113 Chersoneso
580 2045 698 2109 tali
740 2045 930 2109 modo
975 2043 1327 2109 constituta
1365 2044 1679 2110 Lemnum
1719 2047 2062 2111 revertitur
2089 2058 2124 2106 4

129 2135 203 2195 et
244 2151 325 2195 ex
352 2133 542 2213 pacto
570 2130 855 2212 postulat
893 2128 1120 2213 uthsibi
1146 2129 1373 2194 urbem
1398 2130 1674 2195 tradant.
1747 2129 1847 2194 illi
1890 2130 2063 2195 enim

130 2215 459 2296 dixerant,
516 2233 662 2296 cum
704 2217 899 2277 vento
942 2214 1140 2277 borea
1180 2211 1372 2278 domo
1429 2214 1756 2298 profectus
1801 2236 1877 2279 eo
1921 2234 2063 2298 per-

129 2299 436 2381 venisset,
480 2318 616 2361 sese
644 2296 987 2380 dedituros„
1031 2318 1099 2361 se
1143 2301 1359 2363 autem
1388 2298 1650 2363 domum
1679 2297 2062 2364 Chersonesi

127 2383 392 2448 habere.
481 2380 703 2464 Cares,
759 2381 871 2464 qui
922 2384 1063 2445 tum
1115 2380 1434 2446 Lemnum
1484 2383 1882 2467 incolebant,
1939 2385 2059 2447 etsi
2087 2395 2121 2443 5

38 2479 39 2482 ’
128 2470 390 2552 praeter
443 2465 817 2548 opinionem
862 2485 970 2552 ,res
1024 2464 1365 2548 ceciderat,
1422 2469 1640 2530 tamen
1690 2488 1828 2531 non
1870 2466 2062 2550 dieto,

130 2551 249 2616 sed
314 2548 595 2614 secunda
653 2548 919 2614 fortuna
982 2548 1489 2613 adversariorum
1543 2551 1715 2633 capti
1767 2551 2063 2615 resistere

130 2635 276 2699 ausi
316 2655 456 2698 non
509 2637 661 2698 sunt
715 2637 907 2716 atque
963 2653 1042 2696 ex
1093 2631 1308 2696 insula
1358 2632 1816 2718 demigrarunt.
1921 2634 2066 2717 pari

38 2729 43 2746 ·
127 2718 444 2783 felicitate
489 2721 730 2781 ceteras
772 2716 1034 2800 insulas,
1080 2736 1243 2798 quae
1274 2714 1581 2800 Cyclades
1621 2717 2084 2802 nominantur,

38 2835 41 2888 p
130 2803 255 2868 sub
296 2801 793 2866 Atheniensium
835 2800 1084 2885 redegit
1123 2803 1528 2883 potestatem.

302 2885 566 2951 Eisdem
627 2885 1022 2968 temporibus
1084 2884 1427 2949 Persarum
1494 2907 1608 2950 rex
1669 2883 1905 2951 Darius
1980 2907 2060 2952 ex
2091 2887 2134 2951 3

130 2971 295 3036 Asia
347 2970 417 3034 in
470 2969 803 3052 Europam
856 2968 1136 3034 exercitu
1190 2968 1460 3034 traiecto
1511 2967 1767 3053 Scythis
1817 2971 2063 3036 bellum

44 3099 47 3101 -
131 3055 375 3121 inferre
419 3053 716 3118 decrevit.
788 3056 1054 3136 pontem
1094 3052 1253 3117 fecit
1295 3053 1367 3118 in
1406 3052 1575 3119 Istro
1603 3054 1886 3137 flumine,
1931 3076 2061 3138 quo

132 3139 354 3221 copias
404 3137 783 3203 traduceret.
891 3137 1027 3201 eius
1079 3136 1300 3221 pontis
1316 3186 1335 3219 ,
1389 3136 1541 3202 dum
1596 3139 1734 3223 ipse
1790 3139 2060 3222 abesset,

38 3249 41 3276 ⁵
131 3221 428 3290 custodes
468 3222 733 3305 reliquit
771 3221 1120 3305 principes„
1172 3241 1334 3303 quos
1377 3241 1592 3286 secum
1647 3243 1726 3286 ex
1764 3220 1955 3287 Ionia
1996 3228 2062 3288 et

38 3321 43 3422 l
129 3305 988 3472 Affidie‘ffissssssssaissassssffffi
1017 3304 2060 3472 Ξέἓὲθὼῃὲὲᾞὲἓψωὲἓϊέἑὲᾟῗέ
2084 3398 2118 3446 2

194 3496 382 3542 raeca
421 3476 648 3561 lingua
688 3475 1044 3557 loquenteS,
1090 3473 1203 3556 qui
1245 3473 1468 3538 Asiam
1510 3472 1894 3552 incolerent,
1938 3467 2057 3532 sub

1587 3577 1613 3623 l
1627 3573 1654 3603 Φ
