2409 3825
1252 100 1283 122 Q

1168 217 1248 277 lv
2084 220 2204 285 121

209 402 348 454 1110
378 408 508 450 cum
531 389 638 451 sibi
662 387 796 467 quid
823 386 1047 465 cupiant
1073 384 1184 463 ipsi
1209 385 1542 462 contingere
1568 398 1839 463 quaerunt
1855 434 1874 465 ‚

375 492 488 534 nec
512 474 771 552 reperire
792 468 996 529 malum
1019 465 1076 527 id
1100 477 1342 546 possunt
1367 485 1511 546 quae
1533 468 1785 530 machina
1808 474 2012 532 vincat.

378 575 566 636 usque
592 555 737 616 adeo
762 555 963 614 incerti
990 551 1291 612 tabescunt
1312 551 1551 611 volnere
1576 570 1772 613 caeco.

462 639 629 701 Adde
662 637 814 718 quod
835 637 1132 697 absumunt
1152 637 1290 694 viris
1315 644 1672 714 pereuntque
1696 635 1891 698 labore
1908 684 1927 716 ,

379 724 525 784 adde
552 722 703 802 quod
728 721 959 782 alterius
982 719 1089 779 sub
1108 727 1245 778 nutu
1269 717 1494 797 degitur
1514 729 1689 782 aetas.

209 818 348 871 1115
380 807 590 867 labitur
615 808 833 866 interea
860 822 955 864 res
982 811 1041 863 et
1062 801 1410 877 Babylonica
1433 802 1605 881 fiunt,

380 891 649 969 languent
673 889 860 950 officia
881 896 1051 965 atque
1080 895 1337 963 aegrotat
1365 886 1510 946 fama
1529 887 1821 949 vacillans,

380 983 673 1051 argentum
703 982 761 1033 et
786 969 1023 1051 pulchra
1047 971 1102 1028 in
1125 969 1368 1048 pedibus
1393 969 1659 1045 Sicyonia
1683 972 1900 1051 rident,

380 1057 607 1119 scilicet
624 1104 642 1135 ‚
671 1067 729 1117 et
750 1055 995 1134 grandes
1015 1052 1178 1113 viridi
1204 1071 1330 1112 cum
1352 1053 1483 1113 luce
1508 1055 1788 1133 zmaragdi

380 1159 518 1202 auro
539 1140 899 1201 includuntur
915 1184 933 1216 ‚
958 1139 1271 1215 teriturque
1294 1136 1597 1198 thalassina
1619 1141 1798 1200 vestis

211 1237 352 1292 1120
380 1223 616 1286 adsidue
638 1234 697 1284 et
719 1222 963 1283 Veneris
989 1221 1254 1282 sudorem
1281 1222 1535 1282 exercita
1556 1231 1731 1301 potat.

381 1318 443 1370 et
469 1308 618 1369 bene
643 1315 802 1386 parta
825 1314 1045 1385 patrum
1067 1304 1202 1364 fiunt
1224 1304 1546 1364 anademata
1561 1351 1578 1383 ,
1603 1308 1797 1367 mitrae
1815 1352 1834 1384 ‚

381 1391 660 1453 interdum
682 1393 739 1450 in
762 1389 968 1470 pallam
994 1397 1163 1467 atque
1186 1394 1224 1456 -l-
1248 1388 1520 1449 alidensia
1543 1386 1755 1469 Ciaque
1779 1399 2023 1449 vertunt.

382 1476 585 1537 eximia
609 1482 773 1535 veste
798 1482 856 1534 et
880 1474 1034 1531 victu
1059 1473 1315 1532 convivia
1330 1518 1349 1550 ‚
1378 1471 1601 1550 lychni,

380 1558 592 1641 pocula
619 1557 853 1634 crebra,
876 1564 1196 1633 unguenta,
1226 1573 1507 1632 coronae,
1539 1565 1724 1633 serta,
1751 1566 2035 1634 parantur,

213 1654 350 1708 1125
383 1644 723 1722 nequiquam
738 1687 756 1719 ‚
782 1642 1042 1720 quoniam
1062 1637 1248 1700 medio
1272 1638 1343 1699 de
1366 1639 1522 1699 fonte
1544 1637 1803 1718 leporum

381 1728 562 1804 surgit
583 1727 748 1786 amari
776 1722 1019 1803 aliquid,
1047 1722 1199 1801 quod
1223 1723 1278 1781 in
1300 1723 1442 1802 ipsis
1469 1721 1701 1783 floribus
1732 1733 1932 1800 angat,

381 1819 474 1871 aut
500 1827 626 1869 cum
654 1810 919 1870 conscius
940 1808 1069 1886 ipse
1096 1807 1308 1866 animus
1337 1824 1403 1866 se
1424 1805 1572 1866 forte
1594 1806 1879 1866 remordet

383 1892 672 1956 desidiose
698 1910 873 1971 agere
899 1898 1140 1951 aetatem
1162 1888 1471 1968 lustrisque
1498 1890 1687 1970 perire
1707 1936 1726 1968 ‚

380 1987 476 2039 aut
505 1978 655 2058 quod
677 1979 732 2037 in
757 1976 1019 2054 ambiguo
1042 1975 1279 2035 verbum
1300 1972 1538 2035 iaculata
1559 1972 1819 2054 reliquit,

211 2072 353 2128 1130
379 2062 533 2142 quod
563 2059 768 2140 cupido
790 2059 1030 2121 adfixum
1064 2058 1222 2119 cordi
1246 2058 1490 2118 vivescit
1515 2060 1749 2137 ut·ignis
1767 2105 1784 2135 ‚

381 2154 476 2208 aut
499 2147 725 2205 nimium
743 2145 955 2204 iactare
983 2142 1184 2203 oculos
1213 2140 1454 2202 aliumve
1477 2143 1624 2203 tueri

383 2228 536 2309 quod
558 2236 715 2308 putat
739 2230 796 2288 in
816 2225 1090 2305 voltuque
1112 2226 1271 2285 videt
1294 2226 1541 2303 vestigia
1562 2226 1730 2286 risus.

466 2312 657 2391 Atque
685 2314 742 2371 in
764 2329 954 2371 amore
978 2309 1120 2369 mala
1144 2310 1288 2369 haec
1312 2312 1544 2388 proprio
1568 2327 1897 2389 summeque
1926 2308 2182 2370 secundo

383 2397 767 2456 inveniuntur:
790 2397 848 2453 in
868 2394 1112 2454 adverso
1134 2411 1276 2454 vero
1300 2403 1468 2471 atque
1489 2395 1646 2472 inopi
1673 2403 1801 2453 sunt
1817 2439 1834 2469 ‚

211 2490 352 2545 1135
384 2480 668 2558 prendere
692 2496 835 2557 quae
857 2479 1050 2557 possis
1077 2476 1371 2537 oculorum
1398 2476 1605 2537 lumine
1629 2486 1831 2555 operto
1851 2522 1868 2553 ‚

383 2561 830 2630 innumerabilia;
853 2571 917 2621 ut
937 2559 1140 2621 melius
1161 2560 1400 2637 vigilare
1423 2562 1496 2620 sit
1518 2569 1647 2620 ante
1662 2604 1681 2636 ,

385 2664 495 2725 qua
518 2647 686 2707 docui
708 2647 924 2705 ratione
939 2690 957 2722 ‚
986 2661 1308 2722 cavereque
1331 2661 1405 2702 ne
1430 2642 1715 2704 inliciatis.

319 2758 333 2766 κ
382 2747 508 2789 nam
537 2732 714 2789 vitare
730 2775 748 2807 ‚
772 2728 970 2808 plagas
993 2729 1049 2787 in
1076 2729 1283 2787 amoris
1305 2745 1378 2785 ne
1401 2727 1695 2802 iaciamur‚

383 2831 496 2873 non
522 2815 597 2873 ita
621 2812 852 2872 difficile
877 2821 967 2872 est
993 2829 1158 2890 quam
1182 2820 1406 2890 captum
1433 2810 1650 2869 retibus
1679 2809 1821 2888 ipsis

210 2905 352 2961 1140
383 2898 543 2957 exire
568 2905 628 2956 et
646 2895 865 2957 validos
888 2895 1132 2955 Veneris
1157 2911 1528 2974 perrumpere
1550 2892 1750 2953 nodos.

387 2989 444 3039 et
469 2989 656 3041 tamen
676 2979 982 3060 implicitus
1007 2996 1238 3058 quoque
1259 2980 1452 3058 possis
1479 2978 1651 3054 inque
1675 2975 1901 3054 peditus

385 3063 642 3141 effugere
672 3064 969 3139 infestum,
991 3065 1100 3124 nisi
1123 3071 1242 3122 tute
1266 3063 1367 3122 tibi
1398 3062 1598 3121 obvius
1626 3061 1823 3120 obstes

385 3156 442 3207 ct
473 3149 887 3227 praetermittas
912 3147 1074 3205 animi
1096 3147 1232 3206 vitia
1252 3148 1434 3205 omnia
1458 3146 1693 3224 primum

383 3240 478 3290 aut
500 3248 644 3310 quae
670 3230 916 3311 corpori’
938 3239 1067 3290 sunt
1090 3231 1213 3289 eius
1230 3276 1247 3306 ‚
1273 3231 1330 3289 si
1351 3246 1514 3307 quam
1534 3230 1683 3307 petis
1707 3246 1774 3287 ac
1795 3229 1901 3288 vis.

207 3322 349 3377 1145
384 3332 509 3375 nam
530 3314 740 3374 faciunt
760 3314 1016 3373 homines
1038 3311 1373 3392 plerumque
1398 3310 1658 3390 cupidine
1684 3314 1841 3371 caeci

383 3406 441 3458 et
465 3399 713 3458 tribuunt
736 3416 805 3459 ea
831 3415 974 3476 quae
997 3414 1108 3456 non
1132 3406 1261 3457 sunt
1284 3396 1371 3455 his
1403 3395 1696 3455 commoda
1716 3412 1873 3455 vere.

380 3481 720 3543 multimodis
743 3483 914 3560 igitur
933 3498 1132 3559 pravas
1160 3482 1455 3558 turpisque
1475 3477 1729 3537 videmus
