2409 3825
29 4 248 167 Γ-

29 176 32 245 ³
1080 182 1134 240 v
1602 130 1605 135 ’
1980 180 2101 246 157

267 369 379 410 nec
403 359 667 430 poterant
689 349 896 429 quibus
916 347 974 408 id
997 348 1160 408 lieret
1183 365 1544 426 cognoscere
1577 350 1795 410 causis:

269 451 412 511 ergo
434 434 761 512 perfugium
784 434 891 494 sibi
921 431 1207 492 habebant
1236 434 1419 493 omnia
1442 433 1586 493 divis

100 528 234 582 1185
266 517 495 578 tradere
518 527 577 579 et
603 517 829 579 illorum
851 527 987 577 nutu
1014 514 1211 576 facere
1233 518 1418 576 omnia
1438 516 1611 577 flecti.

28 566 58 665 Ρ
264 603 321 660 in
353 600 633 680 caeloque
658 602 825 662 deum
846 600 1020 661 sedes
1048 609 1107 660 et
1135 598 1351 677 templa
1381 599 1671 676 locarunt,

29 684 30 691 ’
268 703 374 764 per
399 683 620 746 caelum
642 684 797 745 volvi
822 685 950 762 quia
970 682 1069 742 lux
1090 693 1149 743 et
1177 683 1308 743 luna
1329 683 1555 744 videtur
1569 729 1587 760 ‚

268 769 429 845 luna,
455 769 613 846 dies,
645 779 704 830 et
727 786 875 846 nox,
907 777 966 828 et
992 768 1179 827 noctis
1203 770 1363 844 signa
1386 784 1589 827 serena
1606 813 1624 843 ‚

264 855 717 931 noctivagaeque
741 852 902 914 faces
933 846 1112 927 caeli,
1139 850 1509 929 flammaeque
1537 851 1831 927 volante5‚

29 938 30 967 ³
95 946 236 1001 1190
267 936 492 1013 nubila,
519 936 641 1013 sol,
670 937 919 1012 imbres,
944 937 1072 1011 nix,
1099 936 1287 1010 venti,
1314 934 1542 994 fulmina
1561 981 1579 1011 ‚
1604 934 1852 1013 grando,

266 1030 324 1081 et
343 1019 524 1098 rapidi
547 1019 840 1097 fremitus,
866 1028 926 1079 et
953 1036 1232 1078 murmura
1253 1036 1453 1094 magna
1480 1020 1765 1078 minarum.

352 1103 400 1163 Ο
425 1122 609 1181 genus
637 1104 839 1164 infelix
859 1102 1156 1162 humanum
1172 1147 1190 1178 ‚
1217 1100 1348 1162 talia
1374 1101 1515 1162 divis

268 1183 397 1248 c'um
419 1188 615 1247 tribuit
643 1187 793 1248 facta
814 1196 986 1265 atque
1009 1188 1119 1246 iras
1144 1184 1397 1245 adiunxit
1416 1186 1687 1246 acerbas!

265 1281 506 1349 quantos
529 1282 645 1332 tum
666 1273 912 1349 gemitus
941 1271 1052 1346 ipsi
1082 1269 1231 1346 sibi,
1257 1278 1572 1348 quantaque
1605 1270 1771 1330 nobis

91 1364 230 1419 1195
259 1355 499 1415 volnera
514 1373 696 1433 ,quas
725 1354 985 1416 lacrimas
1013 1370 1300 1431 peperere
1332 1354 1625 1413 minoribu'
1649 1352 1887 1414 nostris!

262 1458 375 1499 nee
397 1441 578 1531 pietas
608 1437 779 1500 ullast
799 1436 1047 1498 velatum
1078 1455 1256 1515 saepe
1278 1435 1459 1496 videri

259 1506 480 1582 vertier
499 1521 570 1582 ad
597 1521 842 1601 lapidem
870 1530 1042 1598 atque
1064 1522 1248 1581 omnis
1267 1520 1552 1581 accedere
1579 1521 1650 1582 ad
1671 1539 1796 1582 aras
1813 1567 1830 1596 ‚

263 1625 378 1666 nec
410 1607 786 1684 procumbere
808 1604 959 1664 humi
988 1614 1332 1683 prostratum
1361 1613 1421 1664 et
1446 1605 1694 1681 pandere
1719 1604 1931 1683 palmas

260 1699 395 1751 ante
421 1690 587 1749 deum
608 1688 843 1750 delubra
858 1734 876 1765 ‚
900 1707 1011 1748 nec
1038 1706 1164 1749 aras
1186 1690 1461 1765 sanguine
1490 1688 1667 1747 multo

28 1772 38 1855 ³=
89 1786 232 1839 1200
263 1791 546 1852 spargere
570 1771 992 1852 quadrupedum
1008 1817 1027 1850 ,
1051 1790 1162 1832 nec
1184 1774 1338 1832 votis
1360 1781 1599 1832 nectere
1629 1782 1761 1832 vota
1777 1818 1795 1848 ‚

261 1857 373 1920 sed
393 1875 558 1937 mage
584 1867 785 1937 pacata
808 1873 982 1935 posse
1014 1857 1197 1917 omnia
1226 1866 1416 1917 mente
1444 1857 1608 1917 tueri.

31 1969 34 2036 3
259 1961 394 2003 nam
419 1961 544 2002 cum
565 1943 905 2021 suspicimus
934 1943 1121 2019 magui
1145 1940 1418 2001 caelestia
1442 1941 1629 2001 mundi

259 2026 513 2104 templa,
539 2043 715 2103 super
735 2021 1037 2102 stellisque
1059 2025 1394 2086 micantibus
1418 2025 1653 2086 aethera
1679 2025 1881 2101 fixum,

263 2121 326 2171 et
351 2111 584 2169 venitin
606 2118 853 2169 mentem
883 2109 1023 2169 solis
1047 2107 1329 2186 lunaeque
1352 2111 1565 2169 viarum
1583 2154 1601 2186 ‚

86 2205 229 2259 1205
262 2205 408 2254 tunc
434 2193 558 2253 aliis
579 2210 860 2273 oppressa
881 2192 1083 2252 malis
1065 2211 1123 2252 ιιι
1152 2203 1391 2271 pectora
1416 2211 1550 2254 cura

262 2278 368 2338 illa
390 2294 619 2362 quoque
644 2276 1117 2356 expergefactum
1146 2288 1315 2355 caput
1344 2280 1573 2355 erigere
1596 2278 1748 2352 iniit,

263 2382 344 2423 ne
376 2379 520 2440 quae
543 2361 693 2421 forte
723 2361 890 2421 deum
915 2361 1126 2421 nobis
1109 2380 1361 2421 inmensa
1386 2371 1644 2441 potestas

268 2449 379 2522 sit,
407 2446 565 2506 vario
587 2454 741 2504 motu
765 2463 912 2523 quae
939 2444 1173 2505 candida
1195 2444 1380 2505 sidera
1401 2456 1624 2506 verset·

263 2538 509 2607 temptat
532 2531 680 2589 enim
708 2529 929 2590 dubiam
949 2538 1196 2589 mentem
1223 2531 1454 2591 rationis
1476 2538 1706 2606 egestas
1721 2573 1739 2604 ‚

87 2626 237 2679 1210
255 2629 616 2692 ecquaenam
646 2614 814 2673 fuerit
837 2612 1309 2690 mundi'genitalis
1334 2615 1498 2690 origo
1514 2658 1532 2689 ‚

267 2707 329 2759 et
359 2697 524 2758 simul
546 2715 765 2776 ecquae
795 2700 866 2758 sit
891 2698 1047 2774 linis,
1078 2695 1266 2774 quoad
1292 2697 1513 2756 moenia
1540 2694 1727 2755 mundi

269 2780 506 2844 solliciti
519 2791 710 2842 motus
733 2780 883 2841 hunc
907 2783 1128 2861 possint
1152 2781 1306 2840 ferre
1328 2779 1581 2840 laborem
1600 2825 1618 2856 ‚

269 2884 341 2926 an
366 2865 631 2926 divinitus
652 2875 882 2925 aeterna
905 2864 1107 2925 donata
1136 2864 1319 2924 salute

273 2958 556 3028 perpetuo
583 2950 803 3027 possint
821 2951 949 3009 aevi
978 2948 1222 3009 labentia
1248 2957 1432 3008 tractu

85 3046 231 3100 1215
271 3035 513 3094 inmensi
535 3032 750 3093 validas
768 3034 895 3093 aevi
919 3041 1285 3092 contemnere
1306 3032 1461 3091 viris.

268 3127 573 3195 praeterea
598 3118 688 3178 cui
709 3132 822 3175 non
848 3118 1065 3176 animus
1092 3114 1387 3175 formidine
1412 3115 1596 3175 divum

270 3201 623 3262 contrahitur
637 3246 655 3278 ‚
681 3203 773 3261 cui
793 3217 906 3260 non
929 3209 1237 3278 correpunt
1260 3199 1511 3259 membra
1535 3215 1749 3276 pavore
1768 3243 1787 3276 ,

161 3347 170 3352 ,
266 3285 521 3346 fulminis
550 3283 804 3345 horribili
835 3302 962 3345 cum
984 3283 1151 3361 plaga
1174 3281 1382 3343 torrida
1404 3282 1576 3343 tellus

270 3370 580 3430 contremit
603 3378 661 3429 et
683 3385 944 3446 magnum
973 3375 1309 3443 percurrunt
1336 3383 1613 3424 murmura
1645 3361 1909 3424 caelum?

82 3467 228 3521 1220
258 3470 379 3513 non
404 3452 604 3533 populi
626 3461 947 3531 gentesque
969 3458 1216 3510 tremunt
1233 3494 1252 3525 ,
1278 3466 1565 3525 regesque
1588 3447 1820 3524 superbi
