2409 3825
264 200 388 264 126
1239 203 1289 262 V

433 386 601 429 nemo
622 415 639 445 ,
667 379 726 429 ut
751 372 985 449 opinor,
1012 371 1119 430 erit
1146 370 1368 431 mortali
1399 388 1642 450 corpore
1671 384 1880 435 cretus.

431 471 557 513 nam
577 455 660 530 si,
687 463 749 513 ut
775 456 901 533 ipsa
927 456 1070 532 petit
1093 456 1358 515 maiestas
1388 457 1614 533 cognita
1635 476 1822 518 rerum
1840 503 1858 532 ‚

432 537 731 598 dicendum
760 547 882 616 est,
910 538 1050 598 deus
1072 537 1172 598 ille
1196 538 1301 599 fuit
1317 585 1336 616 ‚
1361 538 1502 600 deus
1519 586 1536 617 ‚
1566 540 1782 617 inclyte
1805 539 2036 603 Memmi
2052 586 2074 620 ‚

433 623 527 701 qui
550 623 821 701 princeps
843 623 992 682 vitae
1022 624 1297 683 rationem
1322 625 1534 683 invenit
1558 643 1682 684 eam
1707 643 1852 704 quae

326 718 396 770 10
428 724 577 765 nunc
601 705 923 786 appellatur
950 707 1257 785 sapientia,
1286 708 1497 787 quique
1528 727 1634 787 per
1663 719 1838 769 artem

431 790 695 851 fluctibus
718 808 751 849 e
776 792 942 851 tantis
964 793 1134 853 vitam
1155 793 1438 870 tantisque
1463 792 1718 853 tenebris

427 876 483 934 in
507 883 619 934 tam
640 873 943 953 tranquillo
969 885 1026 934 et
1054 884 1165 934 tam
1190 874 1342 936 clara
1364 874 1496 935 luce
1520 873 1749 936 locavit.

431 957 631 1018 confer
654 959 802 1018 enim
828 957 1010 1018 divina
1035 958 1271 1018 aliorum
1292 962 1517 1038 antiqua
1540 970 1787 1038 reperta.

425 1059 666 1121 namque
697 1039 878 1103 Ceres
902 1042 1083 1102 fertur
1108 1042 1308 1121 fruges
1329 1042 1611 1122 Liberque
1643 1042 1879 1122 liquoris

325 1137 387 1188 15
420 1127 656 1203 vitigeni
681 1125 910 1186 laticem
930 1125 1259 1187 mortalibus
1282 1128 1592 1188 instituisse
1608 1173 1623 1196 ,

427 1227 555 1269 cum
575 1218 760 1269 tamen
781 1208 869 1269 his
893 1220 1095 1288 posset
1123 1212 1247 1270 sine
1272 1211 1447 1273 rebus
1472 1213 1586 1271 vita
1612 1228 1839 1271 manere
1857 1256 1876 1288 ,

425 1304 485 1354 ut
508 1292 652 1353 fama
676 1303 765 1353 est
789 1292 1006 1373 aliquas
1031 1295 1196 1354 etiam
1226 1314 1374 1354 nunc
1399 1297 1601 1355 vivere
1628 1296 1845 1372 gentis:

423 1376 652 1437 athene
681 1366 804 1437 non'
823 1386 1046 1456 poterat
1068 1379 1191 1438 sine
1214 1396 1357 1457 puro
1382 1389 1624 1458 pectore
1647 1380 1789 1445 vivi;

425 1478 539 1540 quo
562 1462 741 1539 magis
769 1460 865 1521 hic
888 1463 1089 1521 merito
1112 1462 1278 1523 nobis
1308 1463 1448 1523 deus
1475 1481 1609 1523 esse
1634 1461 1857 1522 videtur
1874 1507 1893 1538 ‚

318 1556 388 1609 20
422 1563 499 1606 ex
521 1562 634 1624 quo
658 1564 808 1605 nunc
833 1547 997 1605 etiam
1018 1564 1125 1624 per
1145 1564 1376 1624 magnas
1403 1546 1572 1606 didita
1596 1548 1784 1624 gentis

424 1628 611 1689 dulcia
633 1629 988 1707 permulcent
1012 1631 1227 1690 animos
1249 1629 1463 1691 solacia
1484 1632 1653 1690 vitae.

422 1712 688 1773 Herculis
718 1714 985 1773 antistare
1007 1723 1195 1773 autem
1217 1716 1266 1773 si
1288 1714 1438 1775 facta
1460 1714 1684 1792 putabis
1703 1758 1721 1790 ,

423 1797 649 1874 longius
673 1814 706 1856 a
726 1815 862 1857 vera
890 1795 1065 1856 multo
1091 1798 1306 1858 ratione
1336 1797 1546 1859 ferere.

425 1880 558 1960 quid
583 1878 906 1942 Nemeaeus
934 1883 1081 1941 enim
1103 1881 1271 1943 nobis
1296 1900 1447 1942 nunc
1469 1900 1703 1959 magnus
1725 1881 1906 1941 hiatus

323 1976 391 2028 25
422 1965 522 2025 ille
545 1964 729 2025 leonis
754 1966 991 2026 obesset
1014 1975 1072 2025 et
1094 1966 1334 2026 horrens
1358 1967 1636 2026 Arcadius
1663 1962 1802 2026 sus?

425 2048 671 2127 denique
702 2048 835 2127 quid
860 2047 1068 2109 Cretae
1090 2059 1283 2111 taurus
1306 2050 1672 2127 Lernaeaque
1692 2051 1875 2128 pestis

422 2132 600 2207 hydra
626 2134 919 2194 venenatis
943 2144 1146 2212 posset
1167 2133 1374 2194 vallata
1397 2130 1691 2195 colubris?

424 2216 632 2296 quidve
655 2218 965 2295 tripectora
989 2219 1289 2294 tergemini
1311 2220 1398 2278 vis
1423 2216 1704 2293 Geryonai

425 2311 484 2360 et
506 2300 798 2361 Diomedis
823 2302 954 2378 equi
977 2303 1259 2380 spirantes
1284 2301 1509 2361 naribus
1532 2303 1720 2379 ignem
1736 2348 1754 2377 ,

325 2395 393 2448 30
422 2384 690 2444 Thracam
721 2384 1118 2463 Bistoniasque
1141 2385 1342 2464 plagas
1374 2395 1543 2465 atque
1569 2386 1779 2445 Ismara
1805 2393 2080 2463 propter,

422 2562 577 2614 tanto
604 2570 783 2631 opere
809 2552 1107 2613 officerent
1133 2554 1300 2614 nobis
1325 2553 1653 2632 Stymphala
1677 2547 1981 2613 colentes?

421 2655 704 2715 aureaque
727 2635 1107 2716 Hesperidum
1129 2656 1367 2699 servans
1389 2637 1666 2716 fulgentia
1688 2635 1831 2697 mala
1849 2681 1867 2712 ‚

425 2740 630 2801 asper,
656 2722 864 2782 acerba
885 2731 1052 2781 tuens
1072 2765 1091 2797 ,
1118 2723 1338 2781 immani
1364 2739 1611 2801 corpore
1641 2738 1881 2799 serpens

421 2805 641 2865 arboris
670 2803 964 2883 amplexus
988 2806 1226 2883 stirpem
1250 2806 1383 2885 quid
1406 2806 1649 2886 denique
1674 2805 1910 2865 obesset

324 2898 392 2952 35
422 2898 660 2968 propter
679 2888 1002 2949 Atlanteum
1019 2887 1152 2949 litus
1176 2890 1501 2968 pelagoque
1537 2906 1741 2950 severa
1758 2934 1775 2965 ,

424 2991 537 3052 quo
557 2991 747 3051 neque
775 2980 973 3033 noster
994 2973 1109 3033 adit
1136 2976 1428 3053 quisquam
1459 2993 1570 3034 nec
1595 2972 1865 3034 barbarus
1895 2967 2119 3031 audet?

424 3067 617 3118 cetera
646 3056 719 3117 de
751 3075 969 3135 genere
1000 3057 1112 3118 hoc
1146 3076 1292 3137 quae
1316 3068 1446 3120 sunt
1473 3066 1737 3138 portenta
1756 3064 2057 3136 perempta
2074 3099 2093 3131 ‚

421 3143 470 3201 si
499 3159 612 3201 non
634 3142 785 3201 victa
806 3141 1027 3219 forent,
1055 3142 1190 3220 quid
1219 3143 1443 3203 tandem
1466 3144 1597 3202 viva
1615 3134 1931 3201 nocerent?

422 3225 498 3284 nil
515 3270 533 3302 ‚
558 3219 619 3285 'ut
641 3226 872 3303 opinor:
898 3227 974 3287 ita
993 3226 1065 3288 ad
1090 3228 1347 3287 satiatem
1370 3236 1521 3287 terra
1548 3226 1796 3286 ferarum

327 3316 391 3371 40
422 3326 572 3369 nunc
598 3308 766 3368 etiam
791 3310 958 3369 scatit
986 3319 1044 3369 et
1072 3309 1297 3389 trepido
1323 3321 1546 3371 terrore
1567 3307 1791 3389 repleta
1822 3314 1912 3366 est

421 3409 534 3470 per
562 3407 793 3450 nemora
815 3408 883 3450 ac
904 3402 1129 3453 montes
1158 3410 1396 3470 mag-nos
1422 3394 1711 3471 silvasque
1737 3388 2048 3469 profundas
2065 3412 2090 3458 3

431 3492 576 3555 quae
600 3474 729 3536 loca
753 3474 959 3534 vitandi
978 3474 1317 3556 plerumque
1341 3486 1431 3538 est
1451 3484 1643 3538 nostra
1674 3482 1951 3555 potestas.
