2409 3825
1154 189 1236 249 lv

243 371 352 424 505
378 377 493 418 uon
516 357 689 417 modo
712 357 861 416 enim
883 356 1027 416 ratio
1048 364 1172 416 ruat
1195 356 1377 417 omnis
1393 401 1412 434 ‚
1434 358 1551 417 vita
1581 375 1811 437 quoque
1834 360 1958 437 ipsa

382 441 645 503 concidat
674 439 966 519 extemplo
982 485 1001 518 ‚
1024 440 1132 500 nisi
1158 440 1401 501 credere
1422 440 1688 502 sensibus
1708 443 1862 505 ausis
1878 489 1897 520 .,

380 525 835 606 praecipitisque
858 523 1027 584 locos
1049 524 1229 584 vitare
1261 532 1321 582 et
1344 532 1538 585 cetera
1560 542 1706 602 quae
1733 528 1845 586 sint

380 612 437 670 in
466 626 686 687 genere
711 608 824 667 hoc
853 606 1157 685 fugienda,
1188 609 1357 685 sequi
1379 610 1659 669 contraria
1687 627 1832 689 quae
1857 612 1984 671 sint.

383 692 484 753 illa
509 693 610 752 tibi
636 701 729 753 est
755 692 929 769 igitur
948 692 1258 751 verborum
1283 694 1449 771 copia
1475 710 1641 753 cassa

207 819 230 830 κ
248 788 360 840 510
388 778 570 837 omnis
586 822 604 854 ,
630 793 777 855 quae
802 784 999 835 contra
1021 792 1232 836 sensus
1259 776 1534 836 instructa
1556 786 1821 855 paratast.

388 861 638 939 denique
669 870 729 920 ut
751 861 809 918 in
831 858 1047 919 fabrica
1062 905 1082 936 ‚
1105 860 1156 918 si
1177 869 1407 938 pravast
1428 859 1630 938 regula
1648 862 1826 940 prima
1842 908 1860 939 ‚

385 962 697 1022 normaque
721 942 968 1003 si'fallax
995 944 1173 1004 rectis
1200 944 1533 1020 regionibus
1560 947 1711 1021 exit,

385 1039 445 1089 et
466 1025 665 1087 libella
692 1026 880 1106 aliqua
904 1027 954 1087 si
977 1045 1053 1087 cx
1088 1029 1234 1105 parti
1259 1026 1537 1089 claudicat
1558 1026 1731 1087 hilum
1748 1074 1766 1106 ,

386 1112 571 1172 omnia
589 1111 867 1172 mendose
898 1111 1020 1172 lieri
1044 1120 1215 1189 atque
1239 1111 1466 1190 obstipa
1492 1130 1742 1173 necesse
1767 1123 1859 1174 est

247 1206 360 1258 515
385 1213 561 1276 prava
588 1195 849 1254 cubantia
871 1212 1051 1274 prona
1072 1196 1275 1274 supina
1297 1204 1469 1274 atque
1492 1196 1708 1257 absona
1729 1205 1883 1257 tecta
1899 1243 1915 1274 ,

382 1282 492 1339 iam
520 1297 693 1339 ruere
723 1289 784 1339 ut
808 1278 1084 1357 quaedam
1104 1278 1404 1339 videantur
1422 1278 1580 1340 velle
1598 1325 1617 1358 ‚
1641 1288 1917 1360 ruantque

384 1363 610 1443 prodita
637 1363 860 1425 iudiciis
892 1361 1192 1424 fallacibus
1217 1364 1400 1423 omnia
1423 1365 1620 1441 primis
1636 1410 1654 1442 ,

387 1448 672 1524 sicigitur
694 1449 838 1508 ratio
860 1446 963 1506 tibi
984 1464 1174 1507 rerum
1197 1465 1371 1525 prava
1400 1457 1706 1510 necessest

385 1528 645 1608 falsaque
677 1532 787 1609 sit,
812 1529 974 1591 falsis
1005 1549 1398 1610 quaecumque
1422 1531 1493 1591 ab
1519 1531 1783 1593 sensibus
1809 1542 2003 1594 ortast.

248 1626 363 1678 520
469 1612 636 1675 Nunc
663 1613 758 1674 alii
782 1633 988 1676 sensus
1015 1633 1128 1694 quo
1160 1625 1331 1694 pacto
1357 1617 1599 1693 quIsque
1621 1633 1779 1675 suam
1802 1633 1922 1674 rem

383 1699 624 1777 sentiat,
649 1698 797 1759 haud
824 1716 1103 1777 quaquam
1126 1700 1266 1758 ratio
1298 1715 1577 1777 scruposa
1598 1697 1801 1759 relicta
1825 1710 1932 1760 est.

469 1781 756 1862 Principio
777 1782 1000 1843 auditur
1020 1800 1196 1844 sonus
1226 1792 1284 1842 et
1305 1800 1422 1843 vox
1444 1781 1625 1842 omnis
1640 1828 1658 1860 ,
1683 1784 1741 1842 in
1768 1784 1919 1843 auris

384 1866 662 1929 insinuata
682 1884 790 1930 suo
815 1866 1098 1947 pepulere
1124 1866 1222 1927 ubi
1248 1883 1494 1947 corpore
1518 1885 1768 1928 sensum.

388 1968 726 2031 corpoream
754 1970 965 2013 vocem
996 1969 1225 2031 quoque
1250 1954 1400 2011 euim
1423 1961 1690 2013 constare
1715 1952 2057 2014 fatendumst

242 2047 358 2099 525
386 2044 447 2096 et
470 2037 718 2097 sonitum
736 2082 754 2114 ‚
784 2037 1045 2114 quoniam
1072 2043 1316 2115 possunt
1336 2035 1616 2115 inpellere
1640 2056 1863 2099 sensus.

382 2128 682 2199 praeterea
705 2119 848 2180 radit
874 2137 993 2180 vox
1020 2119 1221 2181 fauces
1249 2137 1428 2200 saepe
1446 2165 1465 2198 ‚
1489 2120 1740 2200 facitque

388 2205 684 2281 asperiora
705 2203 860 2265 foras
883 2203 1149 2282 gradiens
1173 2205 1382 2264 arteria
1405 2203 1635 2264 clamor.

389 2288 605 2367 quippe
623 2331 642 2364 ,
668 2303 775 2365 per
796 2297 1096 2366 angustum
1117 2288 1282 2348 turba
1312 2289 1524 2348 maiore
1551 2299 1745 2348 coorta

383 2372 469 2430 ire
500 2370 656 2431 foras
678 2371 774 2431 ubi
799 2380 1115 2451 coeperunt
1145 2371 1449 2451 primordia
1470 2389 1676 2433 vocum
1693 2419 1709 2447 ‚

246 2464 362 2518 530
384 2452 647 2532 scilicet,
674 2453 894 2534 expleti
924 2474 1154 2534 quoque
1184 2457 1346 2516 ianua
1368 2455 1580 2517 raditur
1604 2458 1735 2516 oris.

382 2537 532 2597 haud
557 2539 729 2615 igitur
757 2538 1040 2599 dubiumst
1064 2540 1196 2618 quin
1219 2556 1402 2600 voces
1431 2540 1722 2617 verbaque
1749 2549 2014 2600 constent

387 2622 689 2702 corporeis
712 2640 746 2682 e
774 2624 1068 2702 principiis
1088 2669 1105 2700 ‚
1131 2633 1191 2683 ut
1215 2622 1448 2682 laedere
1472 2625 1713 2701 possint.

383 2716 578 2767 necte
602 2703 747 2765 fallit
768 2708 902 2766 item
927 2707 1059 2785 quid
1084 2707 1346 2785 corporis
1375 2705 1594 2765 auferat
1618 2716 1676 2766 et
1700 2706 1833 2784 quid

386 2789 641 2866 detrabat
667 2808 742 2850 ex
767 2790 1053 2850 hominum
1076 2792 1269 2850 nervis
1298 2809 1367 2850 ac
1393 2789 1608 2849 viribus
1631 2791 1772 2868 ipsis

247 2883 357 2936 535
384 2882 705 2953 perpetuus
735 2892 927 2934 sermo
950 2876 1131 2951 nigrai
1154 2875 1341 2934 noctis
1367 2873 1438 2934 ad
1461 2872 1712 2933 umbram

382 2975 621 3019 aurorae
648 2957 958 3035 perductus
981 2958 1054 3018 ab
1078 2960 1375 3019 exoriente
1399 2957 1584 3018 nitore
1599 3002 1618 3035 ,

388 3043 732 3120 praesertim
760 3044 961 3103 sicum
986 3052 1263 3105 summost
1289 3042 1538 3102 clamore
1561 3040 1848 3121 profusus.

383 3143 528 3203 ergo
554 3142 894 3205 corpoream
923 3143 1130 3187 vocem
1156 3136 1422 3188 constare
1443 3133 1785 3202 necessest,

382 3208 557 3270 multa
583 3208 830 3289 loquens
862 3212 1126 3290 quoniam
1146 3212 1349 3272 amittit
1373 3210 1445 3270 de
1476 3225 1721 3289 corpore
1744 3217 1980 3288 partem.

249 3299 360 3356 540
381 3295 662 3372 asperitas
687 3303 875 3355 autem
901 3297 1068 3356 vocis
1094 3293 1151 3355 fit
1175 3294 1249 3355 ab
1274 3295 1579 3374 asperitate

384 3379 791 3458 principiorum
810 3424 828 3456 ,
861 3388 919 3442 ct
942 3380 1081 3438 item
1102 3376 1272 3439 levor
1293 3377 1492 3439 levore
1518 3386 1771 3437 creatur:

378 3479 489 3522 uec
515 3461 684 3523 simili
712 3471 1013 3541 penetrant
1034 3464 1185 3522 auris
1211 3461 1515 3541 primordia
1543 3461 1721 3520 forma
1739 3504 1758 3539 ,

275 2709 306 2720 α

2103 188 2227 257 105
