2409 3825
265 212 390 275 110
1217 209 1296 283 IV

428 396 505 438 ex
526 377 643 438 alto
669 379 906 456 primum
935 377 1062 456 quia
1084 379 1181 437 vix
1215 380 1484 438 emittitur
1506 396 1581 440 ex
1604 397 1700 439 re:

424 479 550 520 nam
570 464 796 541 penitus
820 461 1000 520 fluere
1024 472 1193 540 atque
1217 463 1498 523 recedere
1521 462 1696 522 rebus
1727 462 1939 526 odores

425 547 706 623 significat
729 544 882 624 quod
904 544 1081 604 fracta
1103 548 1282 622 magis
1304 545 1573 606 redolere
1595 545 1858 606 videntur

297 639 399 694 695
425 632 640 707 omnia,
672 628 826 708 quod
852 630 1091 688 contrita
1107 675 1125 707 ,
1152 629 1305 708 qu'od
1327 632 1445 707 igni
1466 627 1858 691 conlabefacta

423 712 629 773 deinde
651 713 849 773 videre
873 710 1013 772 licet
1036 713 1342 774 maioribus
1370 732 1504 775 esse
1540 724 1787 773 creatum

420 797 714 877 principiis
740 813 905 874 quam
925 813 1072 874 vox,
1108 800 1368 876 quoniam
1392 816 1500 876 per
1521 815 1696 858 saxea
1717 807 1913 877 saepta
1992 790 2006 803 '

419 898 534 940 non
555 888 851 959 penetrat,
880 898 988 958 qua
1007 897 1125 939 vox
1146 880 1323 959 volgo
1354 883 1688 960 sonitusque
1713 882 1987 942 feruntur.

423 982 597 1043 quare
627 965 794 1023 etiam
819 963 969 1042 quod
996 963 1115 1025 olet
1135 982 1250 1024 non
1273 975 1384 1025 tam
1408 965 1577 1025 facile
1605 985 1740 1026 csse
1764 966 1988 1026 videbis

289 1055 392 1110 700
418 1050 765 1125 iuvestigare
788 1049 844 1106 in
868 1067 977 1126 qua
1005 1052 1078 1108 sit
1100 1052 1340 1126 regione
1371 1047 1648 1109 locatum:

421 1132 748 1209 refrigescit
772 1132 918 1191 enim
942 1133 1257 1193 cunctando
1282 1133 1450 1212 plaga
1472 1152 1577 1212 per
1599 1151 1761 1192 auras
1777 1179 1795 1211 ,
2408 1150 2409 1205 ι

419 1234 529 1275 nec
559 1214 740 1276 calida
763 1215 833 1274 ad
856 1234 1084 1276 sensum
1111 1217 1417 1276 decurrunt
1443 1219 1633 1278 nuntia
1660 1235 1865 1276 rerum.
2402 1230 2409 1351 1

421 1309 608 1360 errant
632 1318 810 1378 saepe
837 1317 1008 1361 canes
1032 1303 1226 1379 itaque
1250 1312 1309 1362 et
1330 1304 1575 1379 vestigia
1605 1311 1897 1378 quaerunt.

483 1382 509 1466 Η
540 1382 664 1443 Nec
690 1392 877 1443 tamen
898 1383 1011 1444 hoc
1036 1383 1178 1445 solis
1201 1387 1257 1444 in
1281 1385 1551 1445 odoribus
1576 1394 1745 1463 atque
1770 1402 2039 1463 saporum

296 1474 395 1529 705
418 1471 475 1527 in
498 1477 772 1546 generest
792 1513 809 1545 ,
834 1467 939 1527 sed
961 1470 1097 1528 item
1120 1472 1354 1547 species
1377 1488 1564 1529 rerum
1588 1478 1758 1547 atque
1791 1468 2023 1530 colores

417 1554 626 1612 nonita
652 1553 993 1611 conveniunt
1014 1553 1085 1612 ad
1108 1572 1314 1614 sensus
1339 1553 1596 1613 omnibus
1621 1570 1818 1613 omnes
1835 1598 1852 1630 ‚

418 1646 612 1696 utnon
635 1638 746 1696 sint
769 1635 892 1696 aliis
925 1635 1198 1715 quaedam
1225 1639 1404 1714 magis
1426 1639 1577 1697 acria
1596 1638 1742 1697 visu.

421 1723 556 1798 quin
579 1723 744 1781 etiam
767 1718 977 1798 gallum
995 1767 1011 1797 ‚
1038 1720 1271 1781 noctem
1293 1720 1768 1800 explaudentibus
1796 1718 1900 1780 alis
1920 1754 1925 1758 ·

418 1823 675 1864 auroram
701 1803 850 1863 clara
875 1815 1209 1864 consuetum
1232 1822 1381 1865 voce
1403 1821 1614 1865 vocare
1632 1850 1649 1882 ‚

294 1893 396 1949 710
417 1905 604 1949 noenu
635 1898 847 1966 queunt
870 1888 1049 1948 rabidi
1074 1898 1271 1949 contra
1296 1900 1558 1950 constare
1584 1887 1785 1949 leones

420 1976 592 2052 inque
615 1974 789 2032 tueri:
815 1975 888 2031 ita
913 1975 1179 2033 continuo
1202 1975 1509 2034 meminere
1535 1974 1722 2051 fugai,

422 2059 676 2115 nimirum
695 2101 712 2133 ,
741 2057 869 2134 quia
889 2067 1017 2116 sunt
1046 2056 1324 2134 gallorum
1347 2060 1402 2116 in
1425 2076 1671 2138 corpore
1697 2058 1968 2136 quaedam

421 2142 667 2216 semina,
696 2158 840 2217 quae
872 2158 997 2199 cum
1022 2151 1151 2201 sunt
1175 2139 1358 2201 oculis
1381 2143 1611 2203 inmissa
1633 2140 1893 2221 leonum,

420 2222 663 2302 pupillas
691 2223 1055 2285 interfodiunt
1076 2243 1381 2303 acremque
1410 2226 1665 2286 dolorem

296 2312 395 2366 715
419 2306 729 2385 praebent,
755 2317 816 2367 nt
837 2319 1122 2386 nequeant
1148 2317 1345 2369 contra
1368 2309 1568 2370 durare
1592 2309 1853 2377 feroces;

423 2409 548 2450 cum
570 2401 755 2451 tamen
778 2391 922 2451 haec
946 2403 1169 2453 nostras
1193 2393 1350 2453 acies
1370 2393 1448 2453 nil
1468 2393 1699 2454 laedere
1721 2396 1977 2472 possint,

419 2483 513 2533 aut
537 2477 667 2554 quia
687 2493 799 2535 non
822 2487 1153 2554 penetrant,
1179 2486 1272 2537 aut
1298 2478 1450 2556 quod
1473 2477 1900 2558 penetrantibus
1926 2477 2043 2538 illis

419 2561 603 2621 exitus
629 2578 703 2620 ex
725 2558 908 2621 oculis
931 2559 1081 2621 liber
1104 2561 1267 2621 datur
1284 2608 1300 2639 ,
1324 2564 1380 2621 in
1402 2561 1738 2628 remorando

417 2640 650 2703 laedere
673 2663 745 2704 ne
769 2646 992 2724 possint
1013 2663 1086 2706 ex
1110 2644 1225 2705 ulla
1250 2645 1455 2706 lumina
1477 2656 1659 2725 parte.
1687 2637 1720 2729 Η

293 2730 396 2786 720
497 2725 664 2787 Nunc
687 2746 795 2805 age
813 2774 830 2806 ‚
859 2747 1003 2807 quae
1025 2739 1290 2790 moveant
1312 2730 1550 2789 animum
1569 2749 1664 2791 res
1688 2731 1891 2808 accipe
1910 2776 1926 2807 ,
1955 2740 2012 2790 et
2045 2735 2228 2799 unde

417 2828 561 2889 quae
584 2814 813 2872 veniunt
837 2814 1063 2872 veniant
1084 2814 1142 2872 in
1163 2823 1410 2873 mentem
1433 2816 1672 2893 percipe
1693 2815 1910 2894 paucis.
2408 2789 2409 2858 ¹

415 2896 697 2974 principio
716 2896 829 2956 hoc
855 2895 984 2955 dico
1001 2942 1018 2974 ,
1044 2914 1231 2955 rerum
1255 2898 1553 2958 simulacra
1574 2901 1768 2976 vagari

415 2977 586 3039 multa
611 2980 791 3041 modis
817 2980 1005 3041 multis
1029 2982 1086 3039 in
1113 2992 1345 3042 cunctas
1368 2982 1616 3061 undiquc
1640 2985 1816 3061 partis

413 3064 635 3141 tenvia,
661 3082 806 3142 quae
828 3063 997 3123 facile
1021 3065 1171 3125 inter
1192 3084 1258 3124 se
1282 3067 1585 3143 iunguntur
1606 3067 1661 3125 in
1691 3068 1840 3126 auris
1860 3110 1878 3142 ,

289 3149 389 3206 725
415 3147 584 3206 obvia
609 3165 735 3206 cum
759 3150 1024 3225 veniunt,
1054 3159 1114 3208 ut
1138 3167 1343 3209 aranea
1367 3151 1701 3228 bratteaque
1725 3151 1861 3210 auri.

416 3231 629 3309 quippe
657 3233 867 3291 etenim
888 3229 1065 3291 multo
1089 3234 1268 3310 magis
1292 3233 1438 3295 haec
1461 3244 1589 3295 sunt
1612 3237 1800 3293 tenvia
1823 3243 1985 3291 textu

415 3330 580 3390 quam
607 3332 751 3410 quae
777 3316 1101 3393 percipiunt
1125 3316 1328 3378 oculos
1355 3321 1654 3397 visumque
1683 3315 2014 3396 lacessunt,

418 3398 679 3475 corporis
703 3396 849 3456 haec
874 3400 1133 3476 quoniam
1158 3410 1458 3477 penetrant
1494 3420 1601 3481 per
1629 3419 1784 3479 rara,
1816 3403 2099 3479 cientque

420 3488 647 3539 tenvem
674 3481 838 3538 animi
857 3489 1106 3540 naturam
1130 3484 1278 3543 intus
1305 3503 1651 3564 sensumque
1677 3484 1989 3545 lacessunt.
