2409 3825
295 144 421 211 104
875 157 1041 206 xxv.
1124 155 1436 206 Amicus.
1479 151 1632 211 7-9.

293 297 503 361 castra
529 296 682 358 sunt
708 291 930 376 secuti,
970 293 1210 377 partim
1238 314 1489 357 summa
1515 312 1661 358 cum
1701 291 1838 358 eiu’s
1867 291 2206 358 offensione

191 391 266 451 ‚fa
297 378 471 447 domi
512 378 974 443 remanserunt.
1060 376 1265 442 Attici
1307 379 1524 442 autem
1565 376 1746 460 quies
1797 379 1984 442 tanto
2024 398 2205 462 opere

108 450 190 504 V?
292 461 554 529 Caesari
593 460 721 526 fuit
762 462 972 546 grata,
1015 464 1091 525 ut
1138 460 1376 558 victor,
1419 481 1567 549 cum
1605 460 1875 545 privatis
1915 461 2205 546 pecunias

291 568 411 633 per
462 568 498 612 e
542 545 768 611 istolas
820 545 1192 629 imperaret,
1256 543 1410 609 huic
1461 566 1598 609 non
1651 545 1861 610 solum
1915 546 2207 612 molestus

292 652 432 698 non
512 630 680 698 uerit
691 679 710 712 ,
765 628 876 695 sed
920 629 1115 694 etiam
1168 629 1408 694 sororis
1460 629 1666 693 filium
1719 633 1786 694 et
1839 626 1914 705 Q.
1974 629 2206 696 Cicero·

292 737 444 782 nem
489 736 567 781 ex
609 712 903 798 Pompeii
955 713 1178 780 castris
1243 713 1646 779 concesserit.
1732 713 1824 778 sic
1866 717 2082 783 vetere
2119 714 2207 780 in·

294 800 521 867 stituto
564 797 735 863 vitae
779 796 1006 883 effugit
1043 819 1218 863 nova
1258 797 1565 881 pericula.

223 884 265 950 8
465 881 770 949 Secutum
822 885 920 947 est
972 881 1135 947 illud
1175 885 1430 965 tempus
1483 882 1693 949 occiso
1737 880 2043 967 Caesare,
2091 904 2206 968 quo

293 988 397 1033 res
439 965 697 1052 publica
740 986 938 1048 penes
970 964 1212 1032 Brutos
1254 967 1578 1032 videretur
1621 987 1761 1031 esse
1802 970 1870 1031 et
1911 966 2210 1050 Cassium,

234 1066 267 1117 2
297 1072 373 1117 ac
413 1053 553 1115 tota
594 1049 819 1115 civitas
861 1069 929 1116 se
972 1050 1054 1115 ad
1098 1071 1207 1116 eos
1237 1049 1626 1116 convertisse
1671 1049 2062 1198 §videreturl
2130 1052 2213 1116 sic

295 1134 385 1200 M.
416 1134 622 1198 Bruto
665 1154 819 1199 usus
862 1136 959 1198 est
1042 1137 1117 1199 ut
1155 1134 1340 1200 nullo
1395 1135 1509 1200 ille
1550 1134 1676 1199 adu
1703 1155 1921 1201 escens
1971 1135 2215 1221 aequali

296 1217 678 1286 familiarius
765 1218 913 1315 uam
955 1183 1082 1282 floc
1123 1238 1308 1302 sene,
1352 1240 1561 1316 neque
1607 1219 1818 1316 solum
1861 1240 2011 1317 eum
2050 1221 2216 1305 prin·

234 1318 268 1368 3
297 1303 506 1389 cipem
559 1301 735 1368 cons‘
765 1303 814 1366 1i
866 1302 1159 1387 haberet,
1211 1303 1323 1367 sed
1364 1306 1558 1368 et1am
1600 1324 1673 1367 m
1715 1307 2034 1369 convictu.
2122 1326 2219 1370 ex-

296 1386 1329 1540 fflgeistairitssminiesifesswqriiffisffiaff
1341 1391 1543 1556 zqfflffi
1585 1387 2221 1539 ᾞἪοῖαῗὲῗῗοῃῗ

295 1557 685 1623 stitueretur.
771 1555 839 1621 id
890 1556 1081 1621 facile
1135 1555 1304 1621 effici
1345 1574 1534 1639 posse
1584 1556 1876 1623 arbitrati
1928 1560 2114 1643 sunt,
2171 1560 2224 1624 si

296 1641 622 1726 principes
667 1640 804 1708 eius
848 1639 1090 1706 ordinis
1131 1641 1437 1724 pecunias
1479 1641 1919 1706 contulissent.
2006 1642 2223 1727 itaque

296 1727 656 1811 appellatus
701 1727 796 1790 est
839 1747 878 1789 a
921 1722 991 1791 O.
1035 1723 1293 1809 Flavio,
1338 1723 1527 1790 Bruti
1568 1724 1902 1809 familiari,
1946 1727 2224 1811 Atticus,

234 1822 271 1873 4
297 1814 374 1876 ut
416 1810 551 1876 eius
592 1809 687 1873 rei
709 1810 1027 1894 'princeps
1072 1829 1209 1874 esse
1251 1808 1465 1874 vellet.
1552 1813 1621 1874 at
1659 1809 1801 1895 ille,
1853 1809 1967 1894 qui
2011 1809 2226 1877 officia

298 1894 518 1961 amicis
570 1892 956 1979 praestanda
997 1892 1137 1959 sine
1177 1891 1462 1960 factione
1515 1893 1909 1961 existimaret
1948 1917 2225 1982 sempor-

298 1999 424 2064 que
466 2000 507 2044 a
545 1977 785 2045 talibus
833 2000 902 2044 se
957 1977 1244 2043 consiliis
1286 1979 1690 2064 removisset,
1745 1979 2110 2077 respondit:
2170 1982 2225 2047 si

298 2063 456 2149 quid
497 2061 741 2129 Brutus
783 2062 862 2129 de
904 2063 1036 2129 suis
1078 2061 1493 2135 facultatibus
1545 2063 1643 2129 uti
1685 2064 2022 2149 voluisset,
2076 2088 2202 2132 usu

294 2170 470 2231 rum,
559 2151 829 2214 uantum
870 2168 983 2213 eae
1023 2150 1430 2231 paterentur,
1473 2146 1584 2213 sed
1623 2168 1836 2232 neque
1877 2169 2025 2215 cum
2066 2171 2228 2234 quo-

298 2253 493 2317 quam
515 2170 615 2295 (ἰὴ
643 2252 719 2295 ea
746 2251 827 2312 re,
845 2231 1314 2311 collocuturum
1346 2251 1556 2315 neque
1585 2232 1922 2297 coiturum.
1990 2233 2084 2298 sic
2111 2234 2229 2299 ille

213 2351 228 2399 ,⁸
298 2313 741 2381 consensionis
783 2314 1013 2399 globus
1055 2315 1250 2381 huius
1278 2316 1470 2381 unius
1499 2314 1895 2382 dissensione
1924 2315 2229 2385 disiectus

238 2412 271 2464 5
301 2402 416 2466 est.
487 2419 698 2483 neque
725 2399 929 2465 multo
1005 2404 1106 2465 ost
1134 2400 1428 2485 superior
1456 2420 1591 2466 esse
1635 2401 1848 2485 coepit
1874 2401 2227 2488 Antonius,

298 2485 394 2551 ita
433 2482 793 2583 iit-‚Brutus
845 2487 913 2550 et
953 2422 1212 2550 &assius
1256 2484 1492 2550 omissa
1532 2505 1686 2551 cura
1702 2486 2226 2635 ¹{rovinciarmx-i,

237 2668 272 2718 6
298 2591 491 2721 3333,
508 2589 604 2751 ¹³13
631 2568 906 2720 31ξὲηὲ
905 2568 1518 2751 ζῖῖἓὲῑεῖἰξέἓῖἔί
1545 2589 1840 2739 Ἕῖἕωέ,
1871 2569 2227 2741 ἷῗῗῗέἔέῗ

297 2739 479 2806 niam
541 2739 733 2804 s1mul
788 2759 934 2803 cum
988 2741 1214 2803 ceteris
1268 2737 1562 2805 conferre
1615 2739 1916 2805 noluerat
1963 2740 2228 2807 florenti

296 2823 398 2890 illi
438 2823 629 2907 parti,
674 2822 923 2888 abiecto
968 2820 1174 2889 Bruto
1205 2822 1523 2907 Italiaque
1566 2823 1817 2890 cedenti
1859 2825 2229 2892 sestertium

299 2910 559 2974 centum
599 2906 781 2972 milia
819 2907 1072 2972 muneri
1112 2906 1307 2972 misit.
1386 2906 1594 2973 eidem
1635 2908 1708 2973 in
1746 2906 1948 2993 Epiro
1993 2909 2230 2976 absens

296 2996 586 3060 trecenta
637 2991 826 3057 iussit
876 2991 1043 3076 dari,
1105 3012 1317 3076 neque
1376 3012 1451 3057 eo
1506 2991 1714 3078 magis
1766 2993 2022 3077 potenti
2062 2992 2229 3079 'adu-

296 3077 469 3145 latus
511 3079 611 3142 est
650 3075 942 3142 Antonio
984 3096 1193 3160 neque
1240 3075 1606 3160 desperatos
1646 3075 1767 3141 reli
1811 3078 1928 3142 uit.

224 3156 268 3220 9
464 3158 768 3225 Secutum
811 3163 909 3224 est
948 3159 1192 3224 bellum
1235 3165 1486 3244 gestum
1527 3161 1701 3246 apud
1811 3162 2081 3228 utinam.
2152 3162 2231 3228 in

345 3260 430 3302 uo
474 3240 532 3305 si
569 3245 827 3307 tantum
870 3264 1014 3308 eum
1057 3243 1441 3328 prudentem
1483 3243 1709 3329 dicam,
1752 3245 1986 3330 minus,
2031 3267 2232 3332 qnam

131 3345 232 3400 's‘
299 3260 596 3417 debeam,
638 3325 1026 3419 praedicem,
1077 3328 1384 3398 cum-ille
1424 3329 1642 3413 potius
1701 3328 1956 3395 divinus
2007 3329 2230 3416 fuerit,
2386 3333 2387 3386 ἰ

300 3422 358 3464 si
386 3400 698 3469 divinatio
728 3407 1111 3491 appellanda
1145 3414 1243 3477 est
1267 3415 1579 3496 perpetua
1605 3413 1918 3480 naturalis
1946 3413 2235 3501 bonitas,
