2409 3825
1118 173 1145 235 1

147 353 260 409 975
299 360 539 423 quorum
562 352 859 420 utrumque
887 342 988 402 tibi
1012 341 1283 420 effugium
1303 341 1617 420 praecludit
1642 352 1699 402 et
1721 359 1889 402 omne

295 428 453 505 cogit
476 435 539 486 ut
562 434 827 505 exempta
851 425 1137 486 concedas
1165 426 1277 485 fine
1301 433 1518 502 patere.

295 529 421 571 nam
447 512 571 571 sive
597 521 688 569 est
713 508 923 588 aliquid
949 508 1101 588 quod
1123 508 1366 588 probeat
1390 507 1717 587 efficiatque

296 612 411 675 quo
437 594 607 654 minu'
631 608 744 673 quo
766 594 996 653 missum
1019 601 1109 653 est
1130 594 1321 653 veniat
1350 592 1559 671 finique
1583 591 1739 652 locet
1760 612 1827 653 se
1844 638 1865 670 ‚

296 682 423 741 sive
446 678 601 737 foras
624 677 804 736 fertur
820 721 839 755 ,
862 693 976 736 non
999 685 1090 736 est
1111 693 1143 735 a
1166 677 1277 737 line
1298 675 1637 759 profectum.

157 774 272 828 980
293 763 409 823 hoc
431 770 604 841 pacto
625 778 834 839 sequar
857 769 1028 838 atque
1044 805 1063 839 ‚
1088 776 1220 821 oras
1242 760 1586 840 ubicumque
1608 759 1819 820 locaris

297 855 583 908 extremas
602 891 620 923 ‚
646 862 909 924 quaeram
934 843 1068 923 quid
1090 843 1211 904 telo
1235 844 1483 924 denique
1509 845 1617 904 fiat.

296 932 396 991 fiet
419 932 498 990 uti
526 947 798 1008 nusquam
820 930 1005 1007 possit
1031 929 1351 990 consistere
1379 929 1535 1006 fluis,
1567 923 1580 937 “

298 1015 685 1092 effugiumque
707 1012 880 1090 fug-ae
905 1010 1152 1091 prolatet
1178 1015 1347 1091 copia
1369 1031 1615 1092 semper.

381 1097 687 1158 Praeterea
710 1098 952 1176 spatium
975 1098 1204 1157 summai
1227 1099 1400 1157 totius
1425 1115 1590 1156 omne

156 1193 268 1248 985
296 1182 546 1260 undique
568 1183 618 1241 si
642 1180 920 1240 inclusum
946 1182 1119 1241 certis
1145 1182 1489 1242 consisteret
1513 1183 1627 1241 oris

299 1267 625 1344 finitumque
648 1265 799 1325 foret
815 1311 832 1342 ‚
858 1267 966 1325 iam
991 1266 1154 1343 copia
1178 1267 1428 1326 materiai

297 1349 546 1428 undique
569 1348 918 1428 ponderibus
941 1347 1138 1409 solidis
1166 1348 1454 1409 confluxet
1473 1348 1543 1409 ad
1566 1351 1731 1409 imum
1753 1395 1770 1425 ‚

297 1452 407 1494 nec
428 1452 526 1492 res
551 1432 665 1493 ulla
688 1434 813 1510 geri
841 1432 949 1493 sub
974 1432 1119 1492 caeli
1141 1434 1395 1510 tegmine
1420 1443 1659 1511 posset,

299 1536 409 1578 nec
444 1516 596 1578 foret
620 1518 844 1576 omnino
871 1516 1092 1576 caelum
1110 1535 1304 1596 neque
1327 1516 1532 1576 lumina
1556 1517 1726 1584 solis;

160 1611 274 1666 990
300 1603 514 1683 quippe
541 1602 636 1661 ubi
658 1602 923 1661 materies
950 1602 1128 1662 omnis
1155 1600 1433 1660 cumulata
1456 1602 1671 1661 iaceret

302 1704 376 1747 ex
396 1686 616 1744 infinito
640 1686 749 1743 iam
769 1693 1029 1764 tempore
1052 1684 1421 1745 subsidendo.

298 1780 354 1830 at
376 1786 526 1828 nunc
546 1815 563 1846 ‚
586 1769 841 1828 nimirum
855 1814 874 1846 ,
899 1772 1130 1848 requies
1156 1768 1284 1828 data
1304 1769 1706 1848 principiorum

303 1853 641 1933 corporibus
664 1851 910 1931 nullast,
937 1853 1065 1932 quia
1085 1851 1163 1913 nil
1190 1862 1281 1914 est
1304 1851 1551 1914 funditus
1574 1853 1740 1912 imum
1758 1896 1776 1928 ‚

303 1955 416 2020 quo
445 1939 604 2018 quasi
629 1937 922 1998 confluere
945 1946 1005 1999 et
1027 1936 1201 1998 sedes
1223 1937 1321 1998 ubi
1343 1954 1562 2017 ponere
1586 1938 1830 2016 possint.

156 2034 269 2089 995
301 2040 532 2101 semper
554 2023 609 2081 in
627 2021 863 2082 adsiduo
884 2032 1039 2083 motu
1059 2040 1156 2083 res
1179 2039 1439 2101 quaeque
1462 2030 1738 2099 geruntur

300 2106 554 2187 partibus
579 2124 613 2165 e
637 2107 857 2166 cunctis
873 2153 889 2183 ,
914 2115 1260 2184 aeternaque
1287 2106 1720 2186 suppeditantur

300 2209 374 2251 ex
395 2190 609 2250 infinito
635 2191 746 2250 cita
769 2207 1014 2269 corpora
1034 2191 1303 2252 materiai.

382 2274 681 2335 Postremo
704 2283 835 2334 ante
861 2273 1064 2335 oculos
1085 2292 1182 2334 res
1202 2291 1327 2335 rem
1348 2274 1507 2335 flnire
1529 2273 1785 2334 videtur:

7 2423 19 2436 ,
297 2365 399 2419 aer
421 2358 696 2438 dissaepit
718 2356 884 2419 collis
907 2367 1079 2437 atque
1100 2364 1233 2418 aera
1254 2367 1476 2419 montes
1495 2404 1514 2436 ,

10 2437 13 2448 ’
126 2456 275 2508 1000
302 2453 457 2504 terra
476 2459 628 2502 mare
652 2450 711 2502 et
735 2452 932 2503 contra
954 2459 1106 2502 mare
1127 2451 1310 2503 terras
1334 2443 1591 2502 terminat
1613 2442 1829 2502 omnisz

300 2543 466 2587 omne
491 2526 716 2605 quidem
736 2545 878 2588 vero
901 2526 979 2586 nil
1002 2535 1094 2588 est
1118 2526 1271 2606 qnod
1294 2527 1444 2586 liniat
1467 2536 1640 2587 extra.

300 2621 391 2672 est
414 2611 587 2688 igitur
607 2621 802 2671 natura
822 2610 939 2671 loci
965 2612 1321 2690 spatiumque
1345 2609 1642 2689 profundi,

302 2693 454 2774 quod
480 2712 669 2773 neque
695 2695 846 2754 clara
869 2712 974 2755 suo
997 2711 1338 2774 percurrere
1357 2692 1586 2752 fulmina
1611 2709 1784 2752 cursu

299 2786 585 2859 perpetuo
609 2780 835 2858 possint
855 2781 981 2839 aevi
1006 2777 1252 2840 labentia
1273 2786 1456 2837 tractu

128 2875 267 2929 1005
295 2880 406 2923 nec
429 2878 689 2941 prorsum
713 2862 907 2924 facere
928 2873 991 2924 ut
1022 2871 1205 2924 restet
1221 2862 1404 2922 ‘rninus
1428 2862 1512 2921 ire
1535 2858 1774 2922 meando
1789 2880 1806 2893 ·

299 2964 484 3025 usque
506 2946 651 3007 adeo
672 2949 885 3027 passim
908 2956 1064 3026 patet
1091 2948 1297 3024 ingens
1329 2946 1495 3025 copia
1514 2945 1689 3006 rebus
1705 2988 1724 3023 ‚

302 3031 507 3091 fluibus
533 3033 816 3111 exemptis
833 3077 852 3109 ,
874 3033 931 3090 in
952 3040 1191 3092 cunctas
1217 3029 1465 3108 undique
1485 3031 1679 3109 partis.

298 3117 426 3195 ipsa
445 3114 672 3175 modum
693 3132 869 3194 porro
892 3115 1000 3176 sibi
1022 3131 1214 3176 rerum
1234 3130 1448 3173 summa
1468 3129 1669 3193 parare

297 3217 372 3259 ne
395 3200 612 3277 possit,
635 3203 830 3260 natura
851 3208 1043 3276 tenet,
1073 3216 1219 3278 quae
1243 3214 1456 3277 corpus
1477 3199 1625 3258 inani

138 3294 270 3347 1010
300 3292 360 3345 et
383 3282 536 3362 quod
558 3283 723 3343 inane
744 3292 933 3344 autem
957 3292 1049 3344 est
1071 3282 1216 3342 finiri
1240 3295 1488 3360 corpore
1512 3282 1669 3359 cogit
1685 3325 1704 3355 ‚

298 3376 358 3427 ut
383 3367 473 3427 sic
494 3365 726 3428 alternis
749 3367 959 3427 infinita
984 3368 1168 3425 omnia
1188 3363 1405 3424 reddat.

299 3459 394 3511 aut
418 3452 588 3510 etiam
607 3450 936 3518 alterutrum
955 3494 976 3527 ‚
996 3449 1106 3510 nisi
1129 3448 1394 3507 terminet
1417 3444 1656 3506 alterum
1670 3488 1689 3520 ,
1715 3457 1913 3503 eom

1123 3578 1153 3610 t
