2409 3825
1212 210 1262 267 v
1284 201 1289 207 .

406 375 461 434 id
485 375 623 435 licet
648 375 781 435 hinc
811 376 1065 453 quamvis
1088 373 1285 433 hebeti
1309 392 1667 450 cognoscere
1691 379 1883 437 corde.

286 468 385 522 880
409 461 688 538 principio
715 460 927 519 circum
948 459 1126 517 tribus
1149 459 1292 517 actis
1315 459 1556 535 impiger
1577 461 1734 519 annis

404 542 570 602 floret
599 560 783 620 equus
798 588 817 619 ,
842 560 985 621 puer
1007 541 1140 600 haut
1167 542 1472 619 quaquam:
1495 558 1621 600 nam
1641 560 1819 622 saepe
1844 545 2009 606 etiam
2032 566 2181 609 nunc

402 627 577 686 ubera
598 643 951 685 mammarum
971 627 1026 683 in
1049 626 1262 685 somnis
1286 623 1544 683 lactantia
1572 637 1834 703 quaeret:

399 718 532 788 post
553 710 648 769 ubi
674 727 878 788 equum
900 708 1118 767 validae
1141 710 1294 767 vires
1316 717 1502 767 aetate
1524 720 1762 770 senecta

397 793 759 870 membraque
781 793 1047 852 deficiunt
1074 791 1313 868 fugienti
1336 789 1598 868 languida
1616 796 1728 853 vita
1742 839 1760 871 ,

279 886 376 939 885
403 886 517 936 tum
546 876 764 936 demum
788 878 983 954 pueris
1007 893 1152 934 aevo
1177 874 1417 934 florente
1439 877 1695 937 iuventas

398 961 610 1038 occipit
636 969 693 1019 et
718 959 874 1020 molli
897 961 1073 1020 vestit
1095 957 1361 1036 lanugine
1384 958 1585 1028 malas;

394 1063 468 1104 ne
493 1044 642 1104 forte
671 1062 745 1103 ex
764 1043 989 1103 homine
1016 1051 1075 1102 et
1097 1044 1356 1102 veterino
1386 1045 1601 1102 semine
1625 1062 1899 1122 equorum

396 1129 626 1187 confieri
649 1128 847 1188 credas
874 1125 1189 1187 Centauros
1219 1143 1392 1204 posse
1412 1144 1604 1204 neque
1631 1147 1764 1189 esse
1783 1176 1800 1206 ,

393 1221 487 1271 aut
509 1210 713 1271 rabidis
738 1210 968 1271 canibus
997 1212 1319 1270 succinctas
1343 1212 1707 1272 semimarinis

270 1304 369 1358 890
394 1295 729 1373 corporibus
752 1293 977 1369 Scyllas
994 1339 1012 1371 ,
1038 1303 1097 1353 et
1121 1304 1314 1353 cetera
1342 1294 1413 1353 de
1436 1312 1651 1371 genere
1674 1295 1871 1357 horum
1887 1343 1904 1376 ,

393 1381 541 1438 inter
563 1397 629 1440 se
652 1395 888 1456 quorum
910 1376 1191 1439 discordia
1213 1378 1460 1437 membra
1482 1378 1735 1438 videmus
1754 1403 1766 1447 ;

394 1480 537 1541 quae
566 1480 755 1540 neque
779 1461 1089 1523 florescunt
1110 1463 1321 1539 pariter
1339 1480 1449 1521 nec
1470 1462 1676 1522 robora
1700 1478 1922 1528 sumunt

394 1546 728 1624 corporibus
750 1564 939 1624 neque
963 1548 1243 1624 proiciunt
1266 1554 1452 1606 aetate
1474 1557 1709 1606 senecta
1725 1594 1742 1624 ‚

369 1649 500 1697 ‚nec
529 1629 694 1690 simili
717 1629 948 1689 Venere
970 1630 1274 1690 ardescunt
1297 1648 1408 1689 nec
1431 1631 1680 1690 moribus
1704 1635 1827 1692 unis

262 1723 365 1777 895
388 1715 761 1791 conveniunt,
785 1732 973 1792 neque
1003 1723 1132 1773 sunt
1154 1714 1353 1773 eadem
1375 1714 1614 1773 iucunda
1636 1732 1742 1792 per
1763 1727 1931 1777 artus.

392 1800 602 1876 quippe
625 1798 819 1858 videre
845 1796 981 1857 licet
1002 1800 1385 1877 pinguescere
1414 1815 1590 1875 saepe
1617 1800 1799 1857 cicuta

388 1881 719 1960 barbigeras
747 1882 1036 1961 pecudes,
1061 1881 1271 1942 homiui
1297 1898 1441 1959 quae
1473 1891 1562 1942 est
1582 1900 1716 1942 acre
1740 1902 2037 1948 venenum.

391 1967 651 2044 denique
676 1966 888 2025 flamma
912 1966 1135 2044 quidem
1160 1984 1286 2026 cum
1312 1984 1552 2045 corpora
1576 1966 1729 2027 fulva
1751 1968 1977 2030 leonum

386 2060 499 2109 tam
521 2048 703 2110 soleat
731 2060 951 2111 torrere
979 2059 1148 2128 atque
1178 2068 1347 2110 urere
1368 2068 1531 2129 quam
1552 2070 1734 2128 genus
1762 2055 1925 2114 omne

260 2142 364 2197 900
385 2135 626 2193 visceris
648 2135 704 2191 in
732 2136 899 2194 terris
924 2135 1318 2212 quodcumque
1344 2144 1403 2194 et
1433 2137 1718 2212 sanguinis
1743 2147 1930 2216 extet,

389 2220 484 2295 qui
509 2219 630 2277 fieri
653 2219 835 2295 potuit
851 2264 867 2295 ,
893 2217 1100 2296 triplici
1132 2236 1259 2277 cum
1284 2236 1525 2296 corpore
1549 2230 1608 2279 ut
1633 2238 1739 2279 una
1755 2267 1772 2297 ,

383 2303 559 2380 prima
589 2300 683 2360 leo
701 2346 719 2378 ,
744 2310 1032 2380 postrema
1056 2301 1227 2362 draco
1244 2347 1262 2379 ‚
1287 2302 1468 2362 media
1490 2304 1613 2381 ipsa
1631 2350 1646 2381 ,
1673 2302 1966 2366 Chimaera

387 2403 489 2444 ore
512 2383 664 2445 foras
687 2403 877 2445 acrem
901 2385 1061 2446 flaret
1083 2386 1153 2444 de
1180 2402 1423 2464 corpore
1455 2386 1723 2447 flammam
1737 2385 1766 2447 ’ἶ

386 2486 559 2547 quare
585 2471 750 2528 etiam
772 2467 978 2529 tellure
1001 2486 1148 2530 nova
1171 2469 1451 2547 caeloque
1473 2474 1691 2531 recenti

259 2561 360 2615 905
386 2551 518 2613 talia
540 2553 634 2629 qui
666 2552 824 2630 fingit
851 2555 1110 2631 potuisse
1132 2553 1384 2612 animalia
1413 2556 1603 2629 gigni,

353 2697 357 2701 ,
384 2638 548 2695 nixus
571 2638 626 2694 in
649 2636 760 2695 hoc
781 2654 892 2695 uno
914 2639 1177 2696 novitatis
1200 2638 1423 2694 nomine
1447 2638 1627 2713 inani,

385 2719 556 2779 multa
578 2718 716 2779 licet
737 2719 902 2780 simili
921 2723 1137 2781 ratione
1151 2719 1378 2780 effutiat
1407 2736 1507 2778 ore
1525 2765 1557 2795 ,g

382 2821 551 2863 aurea
571 2812 686 2862 tum
710 2805 858 2864 dicat
880 2823 985 2884 per
1006 2814 1186 2864 terras
1210 2803 1432 2863 flumina
1451 2801 1625 2880 vulgo

383 2886 617 2947 fluxisse
634 2932 652 2964 ,
678 2898 737 2948 et
762 2891 999 2966 gemmis
1023 2888 1234 2949 florere
1256 2888 1483 2947 arbusta
1507 2892 1712 2947 suesse
1728 2933 1746 2964 ‚

251 2981 356 3035 910
379 2981 473 3031 aut
493 2971 773 3032 hominem
796 2981 949 3033 tanto
971 2973 1347 3032 membrorum
1371 2989 1504 3031 esse
1527 2972 1737 3049 impete
1760 2982 1945 3032 natum
1959 3016 1978 3048 ‚

375 3064 533 3124 ‚trans
554 3057 726 3116 maria
746 3055 858 3116 alta
883 3055 1091 3136 pedum
1110 3058 1269 3116 nisus
1292 3065 1352 3115 ut
1374 3072 1593 3134 ponere
1619 3064 1819 3133 posset

381 3148 441 3199 et
463 3139 714 3199 manibus
738 3149 914 3199 totum
938 3141 1149 3200 circum
1178 3159 1245 3200 se
1268 3148 1499 3199 vertere
1523 3138 1757 3199 caelum.

379 3241 504 3282 nam
529 3222 681 3302 quod
702 3222 873 3284 multa
900 3225 1064 3283 fuere
1092 3226 1147 3282 in
1177 3224 1344 3284 terris
1369 3224 1580 3283 semina
1604 3241 1789 3283 rerum

378 3317 638 3385 tempore
663 3324 775 3384 quo
791 3310 1034 3385 'primum
1056 3306 1228 3367 tellus
1247 3304 1499 3367 animalia
1520 3306 1659 3366 fudit
1676 3353 1693 3383 ,

249 3398 352 3453 915
374 3390 453 3450 nil
478 3401 663 3451 tamen
686 3401 779 3451 est
806 3393 951 3468 signi
973 3394 1172 3451 mixtas
1196 3392 1454 3469 potuisse
1479 3392 1660 3450 creari

375 3476 524 3535 inter
544 3494 608 3534 se
633 3473 890 3553 pecudes
918 3482 1326 3553 compactaque
1349 3474 1598 3532 membra
1627 3474 1991 3545 animantum,

2106 216 2229 279 149
