2409 3825
1154 123 1209 183 11

332 299 394 351 et
414 291 572 370 quasi
595 289 912 370 longinquo
936 291 1113 351 fluere
1138 293 1323 350 omnia
1347 292 1627 353 cernimus
1651 309 1797 353 aevo

229 380 306 438 'lo
336 392 412 435 ex
440 373 743 466 oculisque
767 384 1108 435 vetustatem
1132 374 1457 435 subducere
1478 377 1687 435 nostris
1706 421 1725 452 ,

337 476 463 518 cum
483 467 671 518 tamen
678 436 1002 519 incolumis
1023 458 1280 518 videatur
1308 472 1518 517 summa
1540 476 1768 518 manere

335 546 646 621 propterea
670 543 834 620 quia,
862 561 1006 620 quae
1031 542 1316 602 decedunt
1340 558 1583 620 corpora
1608 544 1697 601 cui
1742 560 1816 604 ue
1831 587 1853 622 ‚

335 625 482 684 unde
503 625 714 684 abeunt
730 626 984 684 minuunt
1005 672 1022 702 ,
1048 644 1161 704 quo
1186 643 1402 685 venere
1422 628 1683 703 augmine
1745 631 1935 689 onam.

335 707 433 768 illa
453 726 770 768 senescere
793 718 848 769 at
871 709 1015 769 haec
1040 718 1236 769 contra
1255 708 1570 769 florescere
1595 717 1810 788 cogunt
1825 754 1844 786 ,

233 799 305 856 ⁷5
336 811 446 852 uec
468 802 823 852 remorantur
844 794 939 853 ibi.
980 794 1065 853 sic
1087 810 1277 853 rerum
1301 810 1512 853 summa
1535 802 1775 853 novatur

337 894 602 953 semper,
627 882 685 933 et
709 876 854 935 inter
875 895 940 936 se
962 875 1233 936 mortales
1257 885 1445 935 mutua
1465 878 1675 936 vivunt.

338 967 656 1035 augescunt
681 958 822 1019 aliae
845 969 1053 1041 gentes
1070 1005 1088 1037 ,
1112 959 1257 1020 aliae
1280 962 1597 1019 minuuntur
1612 1006 1629 1036 ,

336 1045 509 1121 inque
534 1042 695 1102 brevi
718 1046 902 1121 spatio
924 1052 1204 1103 mutantur
1224 1041 1418 1104 saecla
1440 1046 1772 1104 animantum

336 1135 395 1187 et
418 1128 580 1204 quasi
605 1144 870 1187 cursores
891 1129 1023 1186 vitai
1048 1126 1303 1206 lampada
1325 1126 1561 1187 tradunt.

229 1218 305 1272 80
416 1209 478 1268 Si
503 1228 736 1270 cessare
760 1220 925 1289 putas
946 1229 1133 1270 rerum
1156 1210 1456 1290 primordia
1479 1228 1656 1290 posse

338 1293 733 1371 cessandoque
756 1311 938 1361 novos
959 1312 1148 1354 rerum
1170 1297 1518 1373 progignere
1541 1304 1757 1373 motus,

335 1378 492 1436 avius
516 1394 548 1435 a
569 1394 709 1437 vera
726 1377 905 1454 'longe
928 1380 1145 1438 ratione
1168 1381 1412 1455 vagaris.

336 1478 462 1519 nam
484 1462 746 1537 quoniam
769 1478 874 1539 per
892 1463 1052 1521 inane
1075 1472 1378 1538 vagantur,
1407 1472 1608 1521 cuncta
1629 1467 1936 1522 necessest

335 1554 428 1603 aut
450 1545 726 1620 gravitate
748 1563 849 1604 sua
870 1544 1004 1604 ferri
1031 1545 1332 1623 primordia
1354 1563 1541 1603 rerum
1559 1589 1577 1621 ,

235 1635 307 1690 85
339 1637 432 1685 aut
454 1629 571 1686 ictu
588 1626 736 1686 forte
757 1627 1007 1687 alterius.
1036 1647 1160 1689 nam
1183 1649 1321 1689 cum
1346 1630 1455 1688 cita
1479 1644 1654 1706 saepe

339 1711 506 1769 obvia
531 1711 842 1771 conflixere
859 1756 877 1788 ,
914 1714 973 1772 fit
994 1721 1054 1772 ut
1077 1712 1303 1774 diversa
1322 1719 1563 1790 repente

338 1793 644 1855 dissiliant:
666 1814 856 1873 neque
881 1798 1028 1855 euim
1048 1798 1246 1856 mirum
1262 1842 1279 1873 ,
1307 1794 1599 1856 durissima
1624 1810 1768 1872 quae
1792 1793 1904 1854 sint

336 1878 684 1958 ponderibus
706 1877 908 1941 solidis
929 1898 1118 1959 neque
1147 1882 1449 1961 quicquam
1473 1898 1503 1939 a
1523 1887 1691 1957 tergo
1719 1876 1849 1938 ‘ihus
1873 1874 2081 1939 obstet.

337 1972 396 2022 et
419 1980 534 2040 quo
557 1965 749 2023 iactari
769 1965 950 2042 magis
975 1967 1155 2025 omnia
1178 1965 1427 2024 materiai

231 2055 309 2110 90
339 2064 582 2126 corpora
608 2047 910 2125 pervideas
929 2093 948 2125 ,
972 2050 1342 2109 reminiscere
1360 2049 1533 2108 totius
1554 2049 1722 2107 imum

338 2130 414 2189 nil
440 2149 576 2190 esse
600 2132 656 2189 in
680 2149 891 2191 summa
906 2177 924 2209 ,
950 2147 1139 2211 neque
1162 2132 1378 2192 habere
1400 2131 1495 2190 ubi
1519 2148 1763 2210 corpora
1782 2129 1960 2210 primu

339 2215 680 2281 consistant,
665 2235 679 2249 ·
708 2217 968 2293 qnoniam
995 2218 1236 2295 spatium
1259 2216 1383 2277 sine
1407 2215 1516 2274 fine
1538 2215 1914 2293 modoquest,

336 2300 765 2376 inmensumque
788 2307 986 2378 patere
1012 2301 1067 2359 in
1093 2309 1330 2359 cunctas
1351 2298 1598 2378 undique
1620 2299 1797 2379 partis

246 2387 251 2390 “
334 2380 595 2459 pluribus
619 2382 842 2443 ostendi
869 2391 928 2442 et
951 2391 1106 2444 certa
1131 2384 1349 2443 ratione
1361 2384 1741 2482 probatumst.

228 2473 304 2526 95
335 2464 488 2543 quod
512 2467 772 2543 quoniam
798 2476 1050 2544 constat,
1073 2468 1367 2544 nimirum,
1390 2465 1542 2527 nulla
1565 2470 1728 2545 quies
1751 2472 1843 2525 est

334 2549 556 2609 reddita
580 2551 918 2628 corporibus
944 2552 1137 2630 primis
1159 2569 1267 2629 per
1287 2552 1451 2609 inane
1474 2550 1847 2628 profundum,

334 2632 440 2691 sed
465 2634 642 2709 magis
665 2633 899 2694 adsiduo
922 2637 1192 2733 varioque
1215 2635 1469 2694 exercita
1487 2643 1641 2693 motu

334 2718 537 2795 partim
561 2712 871 2778 intervallis
895 2721 1111 2796 magnis
1145 2716 1396 2778 confirlta
1417 2716 1725 2791 resultant,

333 2817 466 2877 pars
492 2801 658 2859 etiam
682 2798 950 2861 brevibus
973 2803 1169 2881 spatiis
1192 2809 1470 2861 vexantur
1490 2802 1561 2861 ab
1587 2802 1722 2860 ictu.

204 2892 311 2944 100
331 2892 390 2943 et
411 2901 804 2962 quaecumque
829 2888 1007 2963 magis
1036 2886 1327 2945 condenso
1353 2883 1656 2945 conciliatu

335 2967 559 3044 exiguis
583 2968 892 3029 intervallis
919 2978 1195 3029 convecta
1221 2967 1526 3047 resultant,

332 3050 660 3129 indupedita
682 3051 800 3112 suis
824 3052 1157 3131 perplexis
1141 3071 1265 3131 ipsa
1286 3052 1478 3129 liguris
1497 3098 1514 3129 ‚

333 3132 479 3194 haec
502 3131 717 3195 validas
741 3138 862 3196 saxi
885 3136 1108 3216 radices
1132 3146 1191 3196 ct
1214 3136 1335 3195 fera
1357 3137 1495 3195 ferri

335 3233 579 3296 corpora
603 3220 978 3296 constituunt,
1006 3229 1065 3280 et
1086 3229 1279 3280 cetera
1304 3220 1380 3279 de
1401 3237 1617 3296 genere
1643 3218 1843 3277 horum

207 3309 308 3360 105
332 3299 574 3378 paucula
592 3320 744 3399 quae
770 3320 942 3381 porro
971 3321 1227 3380 magnum
1251 3320 1358 3381 per
1378 3304 1541 3361 inane
1566 3309 1841 3388 vagantur

334 3392 529 3444 cetera
552 3375 833 3445 dissiliunt
852 3386 1063 3463 longe,
1090 3385 1379 3461 longeque
1402 3392 1696 3445 recursant

260 3470 574 3526 Lucmtrms.
1814 3460 1854 3517 3

2091 124 2181 193 3³
