2409 3825
639 163 841 211 xvm.
921 164 1263 214 sumanus.
1307 162 1355 211 s.
1400 163 1449 211 9.
1924 153 2002 216 77
2204 207 2217 231 ,.

45 298 393 365 versarios
436 297 779 362 rescituros
824 297 900 362 de
944 320 1064 369 suo¹
1104 298 1413 383 adventu,
1472 322 1662 383 quam
1705 302 1841 385 ipse
1884 304 2009 366 ter·
2176 250 2241 337 v&

44 384 223 448 tiam
279 384 538 466 partem
590 381 974 449 confecisset
1025 383 1306 447 itineris:
1372 384 1474 447 sin
1524 405 1642 467 per
1689 385 1831 450 loca
1872 386 2010 450 sola

45 464 520 549 contenderet,
591 486 621 528 s
668 466 891 531 erabat
943 487 1011 530 se
1063 465 1535 550 imprudentem
1587 467 1839 534 hostem
1899 486 2009 552 op-

42 571 482 645 pressurum..
565 487 665 613 ad)
711 548 880 614 hanc
942 571 1080 614 rem
1143 550 1605 615 conficiendam
1667 554 2008 635 imperavit
2036 566 2067 614 ’1

44 657 267 718 quam
311 632 627 717 plurimos
670 636 846 698 utres
890 638 1082 716 atque
1126 634 1322 699 etiam
1350 635 1590 700 culleos
1634 657 1777 701 com
1822 637 2009 719 arari,

45 722 217 802 post
281 718 445 781 haec
486 717 825 800 pabulum,
870 721 1201 801 praeterea
1243 719 1484 784 cibaria
1525 725 1708 784 cocta
1812 722 2012 785 'erum

47 803 319 884 decern,
364 804 439 864 ut
480 822 672 884 quam
716 801 980 866 minime
1023 802 1208 866 fieret
1249 803 1421 887 ignis
1462 803 1535 867 in
1575 804 1814 868 castris
1889 805 2013 868 iter

46 885 491 1034 quofihabegt,
516 906 739 950 omnes
762 885 945 950 celat.
999 886 1092 950 sic
1120 892 1402 970 paratus,
1426 908 1553 970 qua
1573 888 2010 970 constituerat,

89 993 174 1035 ro
238 990 396 1033 cisci
470 991 519 1033 r.

42 994 86 1054 P
245 1051 607 1117 Dimidium
633 1051 769 1117 fere
801 1054 1082 1136 spatium
1110 1052 1490 1136 confecerat,
1536 1076 1682 1119 cum
1722 1076 1800 1120 ex
1831 1032 2011 1120 fumo
2044 1055 2085 1120 9
2160 1064 2247 1110 V

44 1142 437 1203 castrorum
466 1138 602 1200 eius
631 1136 912 1221 suspicio
942 1136 1137 1215 allata
1157 1141 1257 1201 est
1275 1128 1733 1207 adfflumffim
1760 1138 2014 1204 hostem

42 1220 620 1308 appropinquare.
717 1221 1114 1286 conveniunt
1156 1220 1379 1285 duces:
1441 1223 1796 1305 quaeritur,
1858 1223 2013 1306 quid

45 1328 242 1391 opus
311 1305 399 1368 sit
449 1304 641 1369 facte.
753 1304 1221 1388 intellegebant
1263 1327 1485 1368 omnes
1537 1310 1672 1370 tam
1724 1305 2015 1370 celeriter

51 1413 133 1455 co
194 1391 305 1453 ias
350 1389 641 1472 ipsorum
680 1388 979 1453 contrahi
1007 1410 1143 1452 non
1171 1409 1379 1471 posse,
1425 1410 1617 1471 quam
1644 1389 2014 1474 Antigonus

43 1499 87 1540 a
174 1476 420 1537 uturus
464 1472 813 1537 videbatur.
885 1471 994 1535 hic
1023 1473 1321 1536 omnibus
1354 1472 1782 1537 titubantibus
1826 1477 1892 1537 et
1932 1473 2010 1537 de
2038 1488 2071 1538 2

45 1561 275 1623 rebus
322 1558 588 1620 summis
632 1556 1136 1640 desperantibus»,
1180 1555 1502 1620 Eumenes
1546 1557 1656 1640 ait,
1699 1557 1757 1620 si
1798 1558 2015 1621 celeri-

40 1647 284 1709 tatem
331 1640 537 1704 velint
578 1641 879 1705 adhibere
924 1643 989 1704 et
1031 1640 1346 1722 imperata
1385 1639 1615 1723 facere,
1662 1640 1834 1723 quod
1865 1644 2014 1705 ante

43 1751 211 1793 non
260 1724 554 1807 fecerint,
600 1747 667 1789 se
696 1746 832 1789 rem
862 1724 1322 1807 expediturum.
1395 1745 1548 1788 nam
1578 1724 1751 1807 quod
1793 1724 2016 1790 diebus

44 1813 373 1897 quinque
426 1808 632 1873 hostis
691 1809 996 1872 transisse
1054 1811 1300 1891 posset,
1359 1829 1426 1872 se
1487 1808 1887 1892 effecturum,
1942 1812 2018 1872 ut

43 1918 212 1963 non
262 1893 480 1958 minus
506 1891 778 1958 totidem
806 1892 1066 1964 dierum,
1082 1892 1290 1976 spatio
1321 1891 1775 1957 retardaretur:
1821 1915 2015 1976 quare
2146 1917 2161 1942 ³
2176 1963 2187 1972 Q

47 1978 501 2047 circumirent
515 2027 533 2060 ,
596 1999 742 2042 suas
807 1978 1077 2061 quisque
1140 1978 1550 2041 contraheret
1611 1978 1844 2060 copias.
1931 1977 2013 2041 ad
2040 1991 2072 2040 3
2194 1981 2219 2004 ““

45 2062 406 2147 Antigoni
437 2065 652 2126 autem
679 2061 1133 2125 refrenandum
1161 2062 1253 2123 im
1299 2064 1474 2124 etum
1501 2061 1628 2125 tale
1669 2062 1840 2143 capit
1868 2083 2016 2124 con·
2276 2059 2287 2066 ”

49 2149 326 2216 silium:
396 2150 612 2209 certos
632 2146 835 2209 mittit
874 2145 1168 2209 homines
1198 2167 1237 2208 a
1308 2145 1562 2209 infimos
1592 2151 1863 2228 montes,
1905 2146 2017 2227 qui

48 2231 264 2299 obvii
310 2221 512 2293 erant*
538 2230 758 2294 itineri
788 2229 1314 2313 adversariorum,
1358 2229 1563 2313 iisque
1591 2230 1903 2313 praecipit
1944 2233 2019 2292 ut

44 2317 296 2402 prima
338 2317 527 2378 nocte
540 2363 558 2396 ,
604 2336 797 2397 quam
838 2313 1147 2378 latissime
1190 2313 1473 2396 possint,
1539 2314 1722 2397 ignes
1776 2314 2018 2378 faciant

46 2421 280 2487 quam
336 2398 648 2462 maximos
706 2401 898 2480 atque
941 2396 1062 2461 hos
1104 2397 1382 2462 secunda
1436 2398 1661 2481 vigilia
1701 2398 2015 2477 minuant,

44 2484 277 2550 tertia
331 2482 713 2566 perexiguos
767 2480 1063 2565 reddant,
1119 2484 1184 2545 et
1239 2481 1609 2545 assimulata
1662 2486 2015 2545 castrorum
2042 2492 2078 2542 4

48 2564 549 2636 consuetudine
579 2565 1008 2650 suspicionem
1046 2565 1343 2629 iniiciant
1382 2563 1695 2647 hostibus,
1738 2565 1818 2627 iis
1858 2564 2018 2628 locis

46 2673 216 2719 esse
260 2643 478 2720 *castra
505 2670 579 2714 ac
624 2650 701 2714 de
731 2670 951 2715 eorum
982 2648 1260 2713 adventu
1297 2669 1434 2712 esse
1463 2648 2015 2732 praenuntiatum3

45 2738 387 2817 idemque
417 2738 699 2816 postera
753 2737 952 2798 nocte
998 2732 1259 2797 faciant.
1349 2732 1581 2815 quibus
1633 2732 2016 2816 imperatum
2044 2744 2076 2793 5

47 2824 241 2903 erat,
289 2817 633 2902 diligenter
671 2820 1083 2902 praeceptum
1112 2820 1356 2881 curant.
1431 2816 1802 2901 Antigonus
1842 2820 2019 2880 tene-

44 2906 212 2970 bris
251 2902 499 2966 obortis
543 2902 728 2986 ignes
758 2902 1195 2984 conspicatur:
1243 2900 1445 2965 credit
1487 2900 1564 2965 de
1593 2923 1709 2965 suo
1741 2901 2019 2965 adventu

47 3010 218 3054 esse
277 2985 570 3049 auditum
625 2989 692 3050 et
748 2985 1142 3050 adversarios
1207 2985 1361 3050 illuc
1428 3007 1575 3049 suas
1629 2985 2018 3050 contraxisse

45 3072 328 3224 3333}
384 3069 1527 3237 nffassossssessfflflssffiitelzeffuffiff
1545 3068 2020 3218 essmfffiflssnssff-
2045 3081 2078 3129 ⁶

798 3204 818 3237 Ι
1390 3225 1395 3228 .

41 3242 366 3307 fractum
423 3238 786 3334 longiorem
840 3238 1136 3335 copiosae
1191 3238 1333 3301 viae
1377 3260 1450 3302 ca
1496 3238 1551 3301 it
1590 3238 1808 3334 ibique
1852 3237 2020 3300 diem

43 3322 770 3492 fflfflffiffizzi
788 3321 1612 3491 ξιῗῗὲἶῗςῗῖἓῑῖῗὲἓωῖἲὲ
1635 3321 2021 3469 «ἲὲὶξῗῃῖιὲῗ

387 3597 396 3608 x
1155 3517 1384 3594 s
1392 3552 1397 3558 ⁴
1642 3591 1651 3598 ·
1666 3592 1711 3608 -n-

383 3623 412 3688 ς
1432 3595 1635 3644 *s
1694 3611 1701 3618 ’

927 3720 994 3788 s
1017 3677 1047 3734 ‘³
