2409 3825
157 140 242 243 as
1129 177 1185 240 11

327 345 674 408 declinamus
696 346 832 404 item
856 354 1042 405 motus
1063 364 1176 406 nec
1202 357 1467 427 tempore
1491 357 1654 409 certo

198 439 307 496 260
330 449 442 491 nec
463 432 702 507 regione
728 429 844 489 loci
868 438 1027 490 certa
1043 472 1063 506 ‚
1098 430 1205 491 sed
1228 431 1331 504 ,ubi
1352 434 1479 510 ipsa
1504 432 1630 493 tulit
1654 431 1859 494 mens?

325 533 452 575 nam
474 514 646 575 dubio
675 512 879 593 procul
903 513 992 574 his
1018 513 1192 574 rebus
1218 532 1320 574 sua
1344 518 1552 594 cuique
1578 516 1838 579 voluntas

328 600 666 678 principium
694 597 820 675 dat,
850 606 910 657 et
932 597 1065 656 hinc
1086 607 1275 658 motus
1301 617 1409 677 per
1430 600 1681 660 membra
1701 603 1969 679 rigantur.

328 701 519 744 nonne
542 681 705 742 vides
736 683 903 741 etiam
925 680 1230 760 patefactis
1255 692 1516 761 tempore
1545 695 1760 762 puncto

331 767 660 827 carceribus
683 783 797 826 non
819 783 999 843 posse
1023 774 1212 825 tamen
1241 784 1614 845 prorumpere
1638 787 1912 848 equorum

195 861 301 917 265
327 852 439 910 vim
465 849 865 931 cupidamtam
886 848 960 910 de
981 848 1172 910 subito
1204 868 1371 929 quam
1392 869 1554 912 mens
1581 857 1713 914 aret
1734 850 1900 931 ipsa?

328 936 509 996 omnis
531 935 715 1010 enim,
748 942 928 993 totum
951 950 1059 1011 per
1084 950 1297 1013 corpus
1314 979 1333 1011 ‚
1363 937 1615 995 materiai

328 1020 497 1097 copia
522 1017 737 1077 conciri
762 1016 969 1094 debet,
996 1016 1222 1077 concita
1250 1036 1358 1096 per
1382 1029 1536 1080 artus

327 1105 507 1163 omnis
531 1109 593 1162 ut
617 1101 863 1162 studium
882 1102 1088 1161 mentis
1117 1103 1320 1162 conixa
1339 1113 1634 1185 sequatur:

325 1196 387 1247 ut
407 1186 604 1246 videas
628 1186 822 1246 initum
841 1193 1029 1245 motus
1048 1202 1083 1245 a
1102 1185 1282 1245 eorde
1308 1189 1525 1264 creari,

196 1278 304 1335 2⁷0
331 1288 405 1331 ex
425 1272 705 1349 animique
727 1267 1019 1330 voluntate
1043 1268 1102 1329 id
1123 1270 1447 1348 procedere
1470 1273 1708 1350 primun:
1724 1316 1743 1348 ‚

326 1355 459 1415 inde
484 1354 601 1414 dari
624 1370 799 1433 porro
826 1371 933 1432 per
955 1361 1135 1414 totum
1159 1371 1373 1433 corpus
1398 1363 1460 1415 et
1477 1365 1649 1416 artus.

325 1457 439 1499 nec
472 1437 711 1498 similest
738 1446 802 1497 ut
825 1454 953 1497 cum
973 1436 1203 1517 impulsi
1234 1438 1597 1517 procedimus
1618 1441 1770 1515 ictu,

324 1523 539 1582 viribus
568 1521 801 1582 alterius
822 1521 1040 1599 magnis
1061 1539 1385 1602 magnoque
1411 1534 1642 1583 coactu·

325 1625 452 1667 nam
475 1615 593 1666 tum
615 1608 908 1666 materiem
929 1606 1104 1666 totius
1131 1609 1392 1685 corporis
1416 1624 1638 1666 omnem

195 1699 297 1754 275
326 1692 751 1771 perspicuumst
773 1690 941 1750 nohis
963 1690 1153 1750 invitis
1176 1692 1263 1750 ire
1290 1692 1528 1769 rapique
1544 1736 1563 1768 ‚

328 1775 514 1835 donec
539 1793 662 1835 eam
683 1773 992 1834 refrenavit
1012 1791 1120 1853 per
1140 1774 1390 1835 membra
1409 1774 1688 1836 voluntas.

326 1861 508 1919 iamne
534 1858 697 1919 vides
718 1858 893 1935 igitur
910 1902 929 1935 ,
955 1874 1288 1938 quamquam
1314 1860 1401 1919 vis
1423 1868 1620 1919 extera
1640 1858 1847 1919 multos

324 1943 504 2023 pellat
532 1952 591 2003 et
611 1944 820 2003 invitos
849 1951 1021 2019 cogat
1042 1943 1365 2021 procedere
1388 1961 1566 2021 saepe

322 2027 789 2107 praecipitesque
809 2027 966 2106 rapi,
991 2035 1177 2086 tamen
1202 2045 1339 2087 esse
1358 2029 1415 2086 in
1439 2036 1680 2105 pectore
1703 2036 1900 2087 nostro

193 2120 301 2176 280
329 2110 588 2191 quiddam
616 2109 768 2189 quod
798 2119 994 2170 contra
1017 2127 1273 2189 pugnare
1305 2110 1650 2190 obstareque
1674 2107 1896 2190 possit?

327 2197 488 2256 cuius
510 2193 580 2253 ad
601 2194 889 2254 arbitrium
912 2211 1141 2273 quoque
1165 2196 1333 2272 copia
1353 2198 1604 2255 materiai

325 2281 551 2357 cogitur
571 2277 852 2338 interdum
875 2277 1030 2338 flecti
1055 2295 1162 2357 per
1186 2278 1438 2339 membra
1467 2297 1574 2357 per
1597 2289 1750 2340 artus
1772 2324 1790 2357 ‚

326 2372 388 2424 et
407 2364 667 2441 proiecta
687 2361 1007 2422 refrenatur
1027 2371 1301 2442 retroque
1323 2361 1541 2423 residit.

326 2464 501 2527 quare
528 2448 585 2505 in
615 2446 924 2507 seminibus
955 2464 1186 2525 quoque
1215 2446 1367 2532 id-em
1393 2446 1609 2506 fateare
1632 2456 1969 2523 necessest,

191 2540 298 2597 285
328 2548 464 2592 esse
491 2528 654 2590 aliam
680 2539 911 2608 praeter
931 2530 1130 2609 plagas
1157 2539 1218 2590 et
1239 2529 1491 2609 pondera
1515 2548 1740 2591 eausam

321 2613 569 2677 motibus
584 2660 603 2691 ,
629 2613 779 2673 unde
804 2612 951 2674 haec
972 2623 1065 2675 est
1085 2613 1254 2675 nobis
1278 2616 1463 2674 innata
1487 2623 1777 2693 potestas;

321 2700 394 2760 de
416 2698 532 2758 nilo
556 2699 817 2778 quoniam
847 2696 1067 2758 flerinil
1090 2715 1271 2778 posse
1297 2697 1572 2758 videmus.

323 2782 547 2863 pondus
571 2784 721 2843 euim
748 2781 1017 2861 prohihet
1039 2799 1113 2842 ne
1136 2780 1324 2860 plagis
1347 2783 1530 2842 omnia
1553 2782 1683 2841 fiant

206 2947 211 2950 .
322 2876 559 2928 externa
582 2868 743 2945 quasi
766 2867 855 2926 vi:
879 2865 986 2926 sed
1009 2883 1084 2926 ne
1110 2883 1274 2927 mens
1302 2868 1429 2945 ipsa
1450 2883 1758 2927 necessum

190 2959 298 3015 290
319 2952 646 3012 intestinum
673 2949 881 3010 habeat
905 2950 1126 3010 cunctis
1152 2951 1211 3009 in
1232 2950 1408 3011 rebus
1428 2950 1666 3027 agendis

321 3045 381 3098 et
404 3034 629 3095 devicta
662 3034 820 3113 quasi
845 3033 904 3093 id
928 3043 1169 3111 cogatur
1190 3033 1346 3094 ferre
1369 3035 1600 3113 patique
1615 3079 1632 3112 ‚

316 3120 376 3180 id
404 3119 541 3179 facit
563 3119 832 3195 exiguum
861 3117 1139 3179 clinamen
1161 3118 1566 3197 principiorum

318 3220 431 3263 nec
457 3202 695 3278 regione
721 3199 840 3259 loci
864 3212 1022 3262 certa
1041 3219 1154 3262 nec
1173 3210 1435 3280 tempore
1463 3211 1643 3262 certo.

403 3283 532 3344 Nec
554 3285 760 3362 stipata
779 3285 960 3362 magis
981 3284 1087 3345 fuit
1112 3302 1374 3364 umquam
1398 3287 1648 3346 materiai

192 3374 297 3431 295
327 3369 495 3445 copia
521 3384 632 3425 nec
654 3382 832 3445 porro
857 3368 1163 3429 maioribus
1183 3366 1528 3429 intervallis:

319 3466 445 3510 nam
463 3466 654 3527 neque
676 3449 1011 3526 adaugescit
1034 3453 1337 3531 quicquam
1359 3469 1549 3528 neque
1572 3451 1799 3532 deperit
1821 3447 1974 3512 inde.
