2409 3825
235 129 319 194 54
344 204 349 211 ,
1215 127 1268 188 11

403 296 717 359 inmortalia
739 297 787 356 si
812 296 1072 356 volumus
1096 295 1444 373 subiungere
1467 297 1641 358 rebus

403 381 759 443 fundamenta
775 426 792 457 ‚
827 382 1031 460 quibus
1054 381 1261 440 nitatur
1281 398 1494 440 summa
1514 380 1743 449 salutis;

404 487 477 528 ne
497 466 599 536 tibi
627 485 722 527 res
748 464 983 525 redeant
1004 463 1072 524 ad
1100 463 1273 523 nilum
1294 464 1542 526 funditus
1566 482 1781 533 omnes.

275 562 378 616 865
486 549 651 610 Nunc
677 567 745 610 ea
769 566 913 628 quae
936 550 1150 609 sentire
1172 547 1429 608 videmus
1455 567 1696 628 cumque
1719 562 2025 613 necessest

405 655 481 696 ex
501 632 868 695 insensilibus
895 643 1081 692 tamen
1105 633 1288 691 omnia
1313 633 1620 693 confiteare

403 719 697 799 principiis
724 725 1006 777 constare.
1032 734 1223 795 neque
1248 716 1305 775 id
1327 717 1642 778 manufesta
1668 715 1914 777 refutant

311 805 320 810 ’
403 822 514 864 nec
541 812 736 862 contra
759 810 1010 879 pugnant
1028 846 1046 878 ‚
1072 802 1127 859 in
1150 809 1416 878 promptu
1441 802 1669 878 cognita
1694 819 1839 879 quae
1864 814 1994 864 sunt
2010 850 2031 882 2

405 886 510 951 se'd
531 888 711 964 magis
734 886 858 964 ipsa
880 903 1042 943 manu
1071 884 1282 944 ducunt
1306 894 1365 944 et
1396 885 1636 949 credere
1663 895 1875 963 cogunt
1903 908 1904 911 ¹

270 980 376 1036 870
400 991 475 1033 ex
499 968 866 1030 insensilibus
885 1015 902 1045 ‚
932 968 1085 1047 quod
1111 968 1241 1027 dico
1258 1014 1276 1046 ,
1303 967 1557 1029 animalia
1577 971 1752 1047 gigni.

405 1057 619 1136 quippe
641 1054 838 1113 videre
862 1051 1001 1114 licet
1023 1054 1187 1112 vivos
1215 1054 1467 1113 existere
1492 1071 1719 1112 vermes

403 1149 663 1201 stercore
688 1138 758 1197 de
785 1146 998 1214 taetro,
1023 1144 1284 1217 putorem
1308 1154 1439 1197 cum
1460 1138 1569 1197 sibi
1600 1146 1763 1197 nacta
1784 1148 1874 1198 est

401 1223 816 1303 intempestivis
841 1240 916 1282 ex
943 1221 1215 1281 imbribus
1246 1220 1654 1290 umidavtellus3

400 1317 698 1387 praeterea
725 1316 957 1366 cunctas
981 1305 1174 1366 itidem
1196 1324 1293 1365 res
1315 1315 1546 1366 vertere
1568 1325 1721 1366 sese.

274 1400 378 1457 875
399 1401 627 1457 vertunt
650 1410 716 1451 se
741 1390 893 1449 fluvii
920 1388 1153 1450 frondes
1180 1400 1239 1450 et
1261 1388 1466 1469 pabula
1495 1388 1643 1451 laeta

400 1479 457 1537 in
479 1474 736 1555 pecudes
753 1520 770 1551 ‚
795 1484 1021 1534 vertunt
1047 1473 1305 1553 pecudes
1329 1475 1386 1533 in
1410 1491 1652 1554 corpora
1679 1470 1871 1535 nostra

400 1571 648 1621 naturam
663 1604 680 1636 ‚
713 1567 771 1618 et
794 1568 991 1619 nostro
1012 1557 1082 1618 de
1111 1575 1358 1637 corpore
1382 1575 1559 1639 saepe
1584 1558 1827 1618 ferarum

404 1652 724 1724 augescunt
747 1645 901 1704 vires
926 1652 984 1703 et
1011 1655 1253 1720 corpora
1278 1642 1763 1721 pennipotentum.

399 1747 542 1807 ergo
565 1746 761 1788 omnes
791 1736 985 1787 natura
1010 1727 1173 1787 cibos
1195 1728 1252 1786 in
1280 1743 1522 1804 corpora
1544 1727 1671 1786 viva

270 1822 378 1876 880
404 1814 574 1873 vertit
599 1821 657 1871 et
678 1811 810 1870 hinc
834 1830 1039 1872 sensus
1067 1812 1399 1870 animantum
1424 1820 1691 1888 procreat
1715 1829 1909 1872 omnes
1927 1859 1945 1891 ‚

397 1917 510 1959 non
532 1895 638 1957 alia
659 1894 835 1973 longe
861 1897 1078 1957 ratione
1102 1904 1274 1974 atque
1297 1893 1449 1955 arida
1472 1892 1624 1973 ligna

398 1981 649 2060 explieat
671 1982 727 2039 in
752 1980 996 2041 flammas
1024 1990 1082 2040 et
1108 1981 1166 2040 in
1194 1981 1343 2058 ignis
1367 1982 1551 2039 omnia
1569 1990 1778 2041 versat.

395 2069 577 2126 iamne
601 2064 764 2125 vides
787 2066 957 2143 igitur
983 2066 1170 2143 magni
1192 2062 1494 2143 primordia
1519 2081 1705 2124 rerum

358 2184 361 2187 >
395 2150 617 2211 referre
648 2150 704 2208 in
736 2148 885 2227 quali
917 2150 1027 2208 sint
1056 2147 1253 2208 ordine
1285 2166 1546 2226 quaeque
1572 2147 1758 2208 locata

272 2244 376 2298 885
403 2245 461 2295 et
493 2235 791 2293 commixta
822 2234 1025 2310 quibus
1049 2232 1182 2292 dent
1204 2241 1390 2292 motus
1414 2234 1809 2311 accipiantque
1824 2228 1854 2290 ⁸?

483 2317 623 2377 Tum
646 2334 819 2396 porro
847 2316 979 2396 quid
1000 2316 1058 2376 id
1080 2326 1203 2394 est,
1229 2318 1467 2376 animum
1492 2317 1644 2395 quod
1668 2318 1918 2395 percutit
1933 2362 1950 2394 ‚
1977 2319 2170 2398 ipsum

398 2402 552 2482 quod
573 2411 766 2461 movet
797 2410 855 2460 et
880 2402 1068 2460 varios
1093 2418 1299 2461 sensus
1325 2418 1667 2479 expromere
1694 2402 1882 2479 cogit,

396 2506 472 2546 ex
496 2483 860 2545 insensilibus
890 2502 963 2543 ne
989 2484 1187 2544 credas
1212 2484 1426 2544 sensile
1449 2482 1650 2562 gigni?

392 2572 646 2651 nimirum
662 2615 679 2646 ‚
710 2568 942 2647 lapides.
957 2578 1015 2629 et
1039 2567 1189 2646 ligna
1214 2578 1272 2628 et
1294 2579 1443 2628 terra
1468 2569 1620 2647 quod
1642 2586 1750 2628 una

266 2663 370 2718 890
393 2656 566 2715 mixta
592 2663 778 2713 tamen
800 2661 1088 2731 nequeunt
1114 2651 1342 2712 vitalem
1365 2652 1608 2713 reddere
1633 2671 1879 2714 sensum.

393 2738 533 2798 illud
554 2739 610 2797 in
631 2736 719 2798 his
743 2739 914 2814 igitur
938 2736 1111 2797 rebus
1135 2737 1461 2797 meminisse
1489 2736 1751 2813 decebit,

391 2840 505 2882 non
533 2841 608 2882 ex
631 2822 887 2881 omuibus
916 2822 1140 2881 omnino
1157 2867 1174 2898 ‚
1202 2838 1595 2900 quaecumque
1622 2830 1816 2881 creant
1837 2839 1933 2882 res
1950 2868 1969 2899 ‚

392 2905 608 2966 sensile
631 2914 691 2965 et
713 2903 1003 2985 extemplo
1025 2923 1115 2965 me
1140 2907 1297 2983 gigni
1320 2905 1515 2966 dicere
1538 2924 1743 2967 sensus
1760 2951 1777 2982 ,

392 2990 498 3050 sed
524 2991 708 3066 magni
732 2990 951 3050 referre
983 3008 1052 3050 ea
1073 2991 1311 3068 primum
1333 2989 1596 3069 quantula
1621 2999 1915 3074 constent,

260 3080 365 3135 895
388 3071 605 3135 sensile
629 3091 774 3151 quae
801 3073 1045 3151 faciunt,
1072 3082 1131 3134 et
1155 3091 1265 3153 qua
1286 3075 1397 3135 sint
1421 3074 1674 3153 praedita
1696 3073 1873 3134 forma
1888 3120 1906 3152 ,

390 3154 637 3215 motibus
663 3155 951 3218 ordinibus
985 3159 1256 3236 posituris
1288 3158 1533 3237 denique
1559 3176 1705 3237 quae
1732 3160 1859 3218 sint.

393 3256 623 3316 quarum
646 3237 724 3297 nil
747 3257 935 3299 rerum
957 3243 1015 3300 in
1042 3240 1214 3319 lignis
1244 3240 1584 3320 glaebisque
1607 3242 1894 3303 videmus:

391 3331 451 3380 et
474 3330 659 3380 tamen
681 3321 826 3382 haec
843 3369 860 3400 ,
889 3343 1016 3384 eum
1039 3335 1167 3385 sunt
1195 3326 1355 3403 quasi
1379 3324 1703 3404 putrefacta
1719 3344 1826 3404 per
1847 3327 2061 3389 imbres
2078 3374 2099 3408 ,

390 3403 735 3464 vermiculos
763 3408 1013 3486 pariunt,
1047 3410 1178 3488 quia
1208 3425 1449 3488 corpora
1472 3412 1721 3470 materiai
1807 3421 1834 3432 ⁸
