2409 3825
1193 153 1367 241 v1'

401 361 557 412 tecta
574 397 592 429 ‚
622 352 767 411 viam
794 360 1059 430 propter,
1087 368 1199 410 non
1221 367 1425 426 magno
1449 348 1706 427 pondere
1731 358 1879 424 tota,

266 446 380 498 550
407 454 520 495 nec
541 437 724 496 minus
754 433 1040 512 exultant,
1067 444 1125 494 et
1147 433 1244 493 ubi
1275 432 1407 510 lapi’
1434 451 1675 510 cumque
1698 434 1806 491 viai

408 519 653 579 ferratos
680 519 963 597 utrimque
993 527 1242 578 rotarum
1269 517 1519 578 succutit
1542 516 1735 576 orbes.

405 604 467 662 lit
492 619 723 681 quoque
739 647 758 679 ,
780 601 878 661 ubi
900 603 956 661 in
978 619 1211 678 magnas
1236 609 1416 679 aquae
1438 608 1745 677 vastasque
1778 598 2020 660 lucunas

403 684 578 764 gleba
599 694 884 747 vetustate
908 704 942 744 e
966 694 1118 744 terra
1138 683 1496 764 provolvitur
1515 685 1719 761 ingens
1736 729 1754 759 ,

406 777 467 829 ut
489 770 733 829 iactetur
753 786 934 845 aquae
961 768 1136 828 fluctu
1160 786 1391 846 quoque
1415 776 1566 827 terra
1587 766 1890 835 vacillans;

267 864 378 916 555
401 862 462 912 ut
483 871 585 913 vas
606 853 901 912 interdum
922 869 1035 911 non
1061 853 1179 929 quit
1204 860 1466 913 constare
1485 896 1503 928 ‚
1534 851 1642 910 nisi
1666 868 1827 910 umor

406 937 621 996 destitit
644 938 700 996 in
724 934 895 995 dubio
920 934 1091 995 fluctu
1117 936 1381 995 iactarier
1402 936 1571 995 intuS.

489 1019 796 1080 Praeterea
816 1028 1022 1078 ventus
1049 1036 1175 1078 cum
1197 1035 1306 1097 per
1333 1016 1463 1078 loca
1487 1017 1735 1079 subcava
1762 1029 1955 1079 terrae

408 1103 692 1164 collectus
716 1113 877 1182 parte
901 1120 976 1162 ex
999 1120 1109 1162 una
1129 1102 1452 1180 procumbit
1476 1111 1533 1160 et
1562 1111 1729 1179 urget

406 1188 647 1247 obnixus
670 1186 886 1263 magnis
916 1185 1225 1265 speluncas
1248 1186 1464 1246 viribus
1487 1184 1628 1246 altas
1651 1232 1668 1262 ‚

273 1281 384 1334 560
414 1270 685 1330 incumbit
706 1268 880 1330 tellus
913 1287 1027 1347 quo
1051 1272 1207 1329 venti
1231 1287 1407 1348 prona
1431 1272 1634 1347 premit
1655 1272 1773 1329 vis:

407 1364 524 1414 tum
546 1371 755 1432 supera
776 1363 981 1412 terram
1008 1371 1152 1432 quae
1176 1363 1307 1413 sunt
1339 1362 1599 1414 extructa
1622 1353 1909 1413 domorum
1926 1400 1947 1432 ‚

406 1440 476 1498 ad
503 1437 843 1515 caelumque
869 1440 1049 1514 magis
1078 1447 1286 1515 quanto
1312 1445 1439 1497 sunt
1463 1436 1614 1497 edita
1638 1455 1897 1516 quaeque
1915 1484 1937 1516 ‚

409 1520 674 1582 inclinata
701 1521 907 1581 abeunt
930 1522 986 1580 in
1011 1520 1249 1580 eandem
1274 1519 1495 1599 prodita
1517 1530 1733 1598 partem
1755 1567 1771 1597 ,

408 1613 849 1684 protractaeque
874 1604 1066 1664 trabes
1092 1604 1403 1682 inpendent
1432 1605 1515 1663 ire
1540 1614 1786 1682 paratae.

272 1701 382 1754 565
410 1699 468 1749 et
496 1698 750 1749 metuunt
781 1690 967 1765 magni
989 1698 1240 1747 naturam
1263 1686 1503 1748 credere
1527 1687 1713 1748 mundi

406 1771 635 1833 exitiale
659 1771 888 1850 aliquod
912 1780 1138 1850 tempus
1163 1771 1499 1849 clademque
1521 1789 1748 1831 manere
1766 1818 1783 1849 ,

408 1875 536 1918 cum
554 1855 781 1917 videant
802 1866 1008 1917 tantam
1031 1865 1305 1916 terrarum
1329 1856 1659 1917 incumbere
1682 1855 1923 1917 molem!

408 1940 561 2020 quod
583 1942 690 2001 nisi
713 1943 998 2018 respirent
1028 1942 1219 2017 venti,
1242 1944 1329 2001 vis
1353 1940 1506 2000 nulla
1527 1940 1784 2001 refrenet

405 2044 502 2085 res
525 2043 714 2104 neque
737 2023 808 2083 ab
832 2026 1006 2084 exitio
1028 2026 1215 2101 possit
1235 2024 1662 2103 reprehendere
1687 2027 1904 2084 cuntis:

273 2119 382 2173 570
410 2127 559 2169 nunc
585 2110 711 2186 quia
735 2111 1019 2185 respirant
1042 2108 1275 2168 alternis
1300 2110 1470 2188 inque
1493 2120 1837 2185 gravescunt

408 2204 466 2253 ct
494 2193 650 2271 quasi
674 2190 908 2252 collecti
927 2190 1165 2252 redeunt
1190 2191 1513 2270 ceduntque
1537 2193 1786 2270 repulsi,

409 2278 638 2353 saepius
662 2275 805 2335 hanc
829 2276 903 2334 ob
931 2292 1052 2334 rem
1071 2278 1353 2336 minitatur
1373 2285 1522 2336 terra
1544 2278 1731 2336 ruinas

410 2378 577 2438 quam
599 2360 764 2419 facit:
792 2358 1094 2420 inclinatur
1121 2362 1271 2420 euim
1294 2371 1565 2438 retroque
1588 2359 1850 2436 recellit,

407 2453 465 2502 et
489 2444 695 2520 recipit
718 2442 985 2521 prolapsa
1009 2461 1139 2503 suas
1169 2445 1224 2502 in
1247 2443 1501 2521 pondera
1525 2443 1716 2504 sedes.

274 2537 381 2591 575
411 2527 519 2585 hac
542 2528 713 2603 igitur
732 2528 949 2585 ratione
973 2526 1240 2586 vacillant
1263 2530 1441 2586 omnia
1467 2536 1620 2587 tecta

410 2628 622 2670 summa
643 2611 822 2686 magis
846 2609 1046 2671 mediis
1063 2656 1080 2687 ‚
1106 2610 1291 2670 media
1312 2612 1444 2679 ¹imis
1460 2656 1477 2687 ,
1502 2612 1606 2669 ima
1632 2608 1931 2688 perhilum.

491 2693 597 2754 Est
622 2692 766 2753 haec
796 2694 1054 2753 eiusdem
1078 2711 1309 2772 quoque
1329 2694 1514 2771 magni
1538 2712 1705 2753 causa
1730 2694 1992 2754 tremoris
2008 2737 2029 2769 ,

406 2787 612 2837 ventus
636 2776 731 2836 ubi
754 2786 925 2855 atque
947 2779 1162 2839 animae
1184 2778 1373 2838 subito
1396 2779 1483 2838 vis
1508 2780 1746 2838 maxima
1770 2775 2045 2855 quaedam

407 2871 501 2921 aut
526 2861 885 2921 extrinsecus
905 2871 999 2921 aut
1023 2864 1146 2940 ipsa
1173 2861 1381 2922 tellure
1407 2872 1604 2922 coorta

272 2953 381 3007 580
411 2947 466 3005 in
490 2943 620 3005 loca
644 2962 710 3004 se
735 2962 870 3004 cava
890 2946 1060 3004 terrai
1085 2947 1365 3023 coniecit,
1390 2946 1584 3024 ibique

409 3026 717 3107 speluncas
745 3030 892 3088 inter
916 3045 1147 3106 magnas
1170 3029 1358 3089 fremit
1379 3038 1506 3089 ante
1533 3030 1773 3089 tumultu

407 3111 881 3190 versabundaque
905 3120 1188 3190 portatur,
1215 3124 1347 3192 post
1370 3115 1540 3173 incita
1566 3131 1692 3173 cum
1715 3115 1803 3172 vis

409 3196 692 3271 exagitata
716 3196 867 3256 foras
889 3197 1198 3274 erumpitur
1223 3205 1281 3256 et
1304 3196 1466 3257 simul
1496 3197 1662 3256 altam

411 3277 711 3339 diffindens
734 3288 942 3339 terram
965 3297 1224 3357 magnum
1251 3282 1548 3340 concinnat
1568 3279 1795 3341 hiatum.

277 3372 385 3426 585
416 3365 470 3421 in
495 3363 656 3437 Syria
676 3363 889 3422 Sidone
915 3363 1066 3440 quod
1088 3362 1296 3424 accidit
1318 3373 1376 3423 et
1397 3365 1500 3423 fuit
1521 3364 1673 3440 Aegi

412 3449 465 3505 in
490 3445 895 3525 Peloponneso
913 3491 931 3524 ,
958 3464 1098 3525 quas
1122 3448 1309 3506 exitus
1333 3446 1426 3507 hic
1448 3449 1643 3505 animai
1777 3528 1858 3587 12
1875 3523 1908 3561 *

2119 177 2248 241 179
