2409 3825
238 124 361 189 138
1218 120 1269 179 V

402 310 576 354 aurea
603 310 730 352 cum
752 291 988 370 primum
1013 290 1346 367 gemmantis
1369 306 1501 349 rore
1526 306 1632 369 per
1652 289 1861 351 herbas

404 377 667 436 matutina
689 376 892 435 rubent
913 372 1108 434 radiati
1130 373 1337 432 lumina
1359 372 1500 434 solis
1517 419 1535 451 ,

377 502 382 509 =
406 458 672 519 exhalare
696 458 855 519 lacus
877 457 1139 518 nebulam
1167 456 1436 535 fluviique
1466 474 1785 536 perenneS,

404 545 643 622 ipsaque
667 552 728 603 ut
749 541 1026 603 interdum
1048 539 1222 601 tellus
1250 541 1465 600 fumare
1487 541 1739 607 videtur:

278 636 382 692 465
410 628 592 687 omnia
615 644 760 706 quae
788 643 1010 686 sursum
1036 643 1163 685 cum
1187 622 1591 700 conciliantur,
1617 625 1674 683 in
1696 623 1811 684 alto

407 727 653 790 corpore
684 718 957 770 concreto
982 708 1292 770 subtexunt
1314 707 1503 768 nubila
1528 707 1765 769 caelum.

403 796 489 856 sic
518 795 691 871 igitur
710 803 827 853 tum
849 811 915 853 se
937 791 1088 853 levis
1115 811 1183 853 ac
1208 790 1470 852 diffusilis
1494 791 1694 851 aether

407 894 654 956 corpore
677 886 951 937 concreto
977 876 1354 936 circumdatus
1379 875 1626 954 undique
1643 873 1816 953 flexit

406 972 463 1022 et
493 961 606 1021 late
631 960 948 1020 diffusus'in
973 962 1152 1040 omnis
1177 959 1426 1038 undique
1449 961 1625 1039 partis

268 1053 384 1109 ’470
410 1045 592 1104 omnia
614 1046 699 1104 sic
722 1044 886 1103 avido
913 1043 1219 1122 complexu
1247 1053 1443 1104 cetera
1463 1045 1699 1122 saepsit.

401 1128 551 1188 hunc
572 1127 803 1188 exordia
825 1126 1116 1188 sunt-solis
1141 1127 1425 1206 lunaeque
1448 1137 1647 1188 secuta
1661 1173 1679 1204 ,

401 1214 783 1291 interutraque
805 1211 965 1288 globi
988 1229 1227 1289 quorum
1247 1221 1544 1272 vertuntur
1563 1212 1619 1270 in
1640 1211 1818 1280 auris;

405 1313 550 1374 quae
573 1313 761 1374 neque
784 1305 936 1355 terra
964 1294 1073 1355 sibi
1096 1295 1337 1356 adscivit
1366 1314 1476 1357 nec
1497 1297 1770 1356 maximus
1797 1297 1998 1357 aether
2016 1343 2036 1376 ‚

402 1378 555 1458 quod
578 1397 769 1459 neque
789 1387 902 1439 tam
922 1378 1149 1439 fuerunt
1178 1382 1372 1456 gravia
1401 1389 1460 1439 ut
1484 1379 1761 1458 depressa
1782 1379 2089 1460 sederent,

272 1470 376 1527 475
400 1481 512 1524 nec
538 1461 687 1524 levia
709 1472 770 1522 ut
791 1472 1030 1542 possent
1055 1481 1162 1542 per
1183 1481 1426 1524 summas
1451 1463 1631 1523 labier
1653 1480 1781 1524 oras
1797 1509 1815 1540 ‚

402 1558 460 1608 et
482 1556 669 1607 tamen
691 1548 1078 1625 interutraque
1101 1548 1176 1608 ita
1204 1557 1370 1625 sunt,
1393 1556 1453 1607 ut
1478 1564 1721 1626 corpora
1744 1549 1872 1607 viva

396 1640 632 1691 versent
652 1639 710 1692 et
733 1640 927 1710 partes
950 1640 1011 1691 ut
1031 1630 1220 1690 mundi
1240 1634 1415 1692 totius
1447 1639 1674 1699 extent3

400 1714 552 1793 quod
580 1733 764 1792 genus
785 1716 842 1774 in
863 1714 1027 1774 nobis
1052 1715 1326 1793 quaedam
1349 1714 1527 1775 licet
1510 1733 1564 1773 111
1588 1717 1828 1775 statione

396 1799 646 1859 membra
672 1816 935 1875 manere,
960 1807 1147 1859 tamen
1172 1816 1301 1858 cum
1323 1800 1434 1861 sint
1464 1817 1534 1859 ea
1558 1816 1701 1877 quae
1724 1778 2077 1860 moveantur.

272 1890 377 1946 480
400 1881 488 1942 his
510 1884 680 1960 igitur
700 1882 874 1943 rebus
902 1884 1165 1944 retractis
1188 1891 1342 1944 terra
1370 1892 1613 1964 repente
1628 1929 1648 1960 ,

398 1984 656 2025 maxuma
680 1984 790 2043 qua
811 1985 959 2026 nunc
982 1986 1049 2027 se
1074 1968 1235 2046 ponti
1256 1966 1426 2047 plaga
1456 1966 1683 2028 caerula
1710 1965 1921 2045 tendit,

398 2049 642 2110 succidit
664 2058 723 2109 et
751 2049 907 2111 salso
929 2050 1159 2112 suffudit
1181 2054 1412 2130 gurgite
1434 2052 1641 2111 fossas.

395 2134 568 2212 inque
592 2132 715 2195 dies
740 2143 948 2212 quanto
973 2136 1186 2195 circum
1209 2138 1388 2213 magis
1410 2133 1660 2195 aetheris
1683 2144 1875 2196 aestus

397 2224 458 2275 et
479 2216 616 2276 radii
640 2217 780 2277 solis
812 2219 1098 2296 cogebant
1119 2218 1367 2297 undique
1389 2228 1593 2279 terram
1611 2265 1629 2296 ,

267 2307 372 2363 485
398 2300 735 2360 verberibus
762 2301 979 2362 crebris
1004 2312 1260 2363 extrema
1280 2321 1313 2362 a
1339 2303 1530 2362 limini’
1556 2312 1715 2381 parte

395 2384 452 2441 in
472 2382 659 2443 medio
682 2394 743 2444 ut
763 2384 1037 2465 propulsa
1059 2405 1165 2447 suo
1192 2387 1480 2448 condensa
1504 2389 1685 2447 coiret
1701 2432 1720 2464 ‚

394 2476 509 2526 tam
531 2469 711 2545 magis
735 2487 1050 2548 expressus
1079 2471 1268 2532 salsus
1293 2471 1363 2531 de
1388 2488 1635 2550 corpore
1664 2469 1839 2530 sudor

395 2551 642 2629 augebat
661 2570 815 2613 mare
837 2555 1109 2615 manando
1135 2571 1485 2633 camposque
1507 2555 1748 2615 natantis
1764 2600 1782 2631 ,

396 2643 456 2694 et
482 2644 639 2696 tanto
659 2638 841 2715 magis
865 2636 963 2698 illa
983 2637 1136 2699 foras
1161 2638 1361 2716 elapsa
1380 2638 1646 2698 volabant

268 2726 374 2782 490
399 2736 642 2799 corpora
662 2720 836 2781 multa
856 2723 1088 2801 vaporis
1112 2732 1170 2782 et
1192 2725 1345 2785 aeris
1363 2769 1380 2800 ,
1403 2720 1629 2801 altaque
1653 2720 1799 2783 caeli

395 2801 710 2866 densebant
732 2804 936 2883 procul
958 2824 991 2865 a
1011 2807 1179 2867 terris
1203 2805 1480 2885 fulgentia
1503 2805 1731 2885 templa.

394 2886 654 2948 sidebant
677 2890 894 2967 campi,
921 2890 1265 2952 crescebant
1286 2890 1570 2951 montibus
1595 2889 1722 2951 altis

391 2987 701 3032 ascensus:
724 2990 914 3050 neque
942 2974 1089 3033 enim
1113 2982 1377 3052 poterant
1402 2974 1704 3035 subsidere
1727 2990 1864 3034 saxa

390 3072 501 3114 nec
526 3056 736 3132 pariter
756 3055 1080 3117 tantundem
1107 3074 1306 3118 omnes
1328 3057 1706 3118 succumbere
1731 3065 1929 3135 pai-tls.

265 3144 367 3199 495
477 3137 577 3197 Sic
607 3139 778 3215 igitur
802 3149 990 3201 terrae
1016 3150 1293 3202 concreto
1322 3158 1567 3221 corpore
1590 3140 1812 3220 pondus

392 3223 679 3299 constitit,
704 3230 876 3301 atque
898 3226 1080 3285 omnis
1101 3225 1292 3285 mundi
1316 3227 1476 3304 quasi
1499 3223 1664 3285 limus
1692 3226 1747 3284 in
1775 3227 1945 3284 imum

387 3302 663 3364 confluxit
684 3307 876 3381 gravis
900 3316 959 3367 et
981 3308 1240 3368 subsedit
1262 3309 1511 3369 funditus
1535 3318 1594 3368 ut
1620 3309 1782 3377 faex;

393 3385 525 3444 inde
548 3404 702 3447 mare
719 3433 737 3465 ,
762 3388 892 3448 inde
916 3396 1048 3468 aer,
1072 3390 1203 3451 inde
1235 3391 1434 3452 aether
1454 3390 1664 3470 ignifer
1685 3394 1814 3470 ipse
