2409 3825
728 676 1444 774 PRAEFA'rln.

269 944 368 1003 De
397 944 608 1003 Persio
651 944 946 1025 quidquid
973 947 1251 1006 novimus
1292 946 1423 1005 fere
1466 946 1755 1005 habemus
1798 966 1876 1006 ex
1906 947 2057 1005 anti-

98 1047 228 1108 qua
256 1027 404 1100 vita,
437 1046 617 1107 quam
648 1028 889 1088 codices
919 1034 988 1088 de
1020 1034 1405 1088 commentario
1432 1031 1606 1087 Probi
1642 1033 1850 1088 Valerii
1875 1032 2058 1087 subla-
2150 1071 2156 1077 .

91 1122 214 1169 tam
243 1110 621 1188 praedicant,
635 1110 740 1169 alii
769 1111 1025 1172 fortasse
1057 1112 1138 1171 ad
1166 1112 1442 1172 Suetonii
1471 1112 1816 1191 Tranquilli
1844 1113 2060 1172 librum

94 1193 179 1253 de
237 1193 384 1251 viris
432 1193 764 1252 illustribus
808 1195 1038 1255 referre
1074 1196 1332 1269 malent,
1387 1215 1565 1274 quem
1619 1203 1824 1255 tamen
1865 1197 2062 1274 ipsum

91 1275 369 1335 Probum
404 1285 710 1334 auctorem
747 1279 922 1355 sequi
949 1279 1221 1357 potuisse
1254 1276 1328 1339 O.
1373 1276 1634 1336 Jahnius
1672 1279 1734 1336 in
1763 1278 2058 1337 Bitschel.

92 1360 358 1435 Parerg.
402 1358 666 1417 Plautin.
707 1380 768 1437 p.
817 1358 937 1418 618
988 1370 1049 1420 et
1091 1362 1210 1418 Th.
1257 1361 1685 1418 Mommsenius
1720 1361 1785 1418 in
1829 1359 2056 1419 Comm.

93 1441 244 1501 Soc.
278 1441 370 1499 lit.
400 1442 569 1519 Lips.
601 1442 677 1498 T.
718 1442 769 1514 Ι,
798 1463 859 1520 p.
897 1442 1016 1501 677
1050 1441 1224 1501 docte
1254 1450 1643 1517 monuerunt3
1684 1442 1843 1502 hanc
1879 1443 2061 1520 igitur

11 1543 16 1552 ’
88 1543 315 1605 presse
359 1532 633 1596 secutus,
665 1526 947 1602 quoniam
988 1525 1168 1584 etiam
1205 1524 1281 1583 de
1313 1533 1497 1603 poeta
1536 1526 1668 1603 ipso
1708 1545 1906 1584 novae
1948 1525 2058 1583 Sa·

89 1609 359 1667 tirarum
381 1607 545 1666 illius
576 1606 824 1666 editioni
853 1607 1085 1688 aliquid
1104 1608 1409 1686 praemitti
1435 1608 1735 1666 redemtor
1762 1608 2057 1667 honestis-

91 1692 287 1750 simus
322 1689 540 1760 voluit,
579 1708 734 1769 quae
777 1690 921 1748 mihi
962 1698 1283 1768 praeterea
1317 1690 1395 1748 ad
1436 1690 1594 1749 hanc
1622 1692 2062 1769 praefationem

91 1774 409 1853 pertinere
438 1773 572 1830 visa
604 1779 758 1844 sunt,
783 1781 886 1831 aut
912 1773 1224 1832 literarum
1243 1772 1449 1832 formis
1475 1773 1756 1831 distincta
1775 1773 1924 1852 ipsis
1953 1792 2058 1832 ve-

91 1856 249 1916 teris
292 1855 666 1934 grammatici
705 1855 906 1915 verbis
951 1856 1286 1937 interposui
1330 1865 1434 1917 aut
1481 1855 1563 1915 ad
1608 1856 1788 1916 finem
1835 1865 2061 1939 quanta

92 1939 273 2020 potui
303 1940 602 1998 brevitate
637 1938 888 2016 subJeci.

272 2025 447 2080 Natus
501 2023 685 2099 igitur
729 2032 808 2080 est
858 2025 1033 2082 Aulus
1075 2026 1305 2082 Persius
1348 2027 1591 2082 Flaccus
1632 2028 1821 2098 pridie
1871 2026 2062 2081 Nonas

16 2140 23 2151 κ
94 2108 429 2167 Decembres
469 2108 639 2164 Fabio
676 2107 902 2164 Persico
947 2109 1113 2165 Lucio
1174 2110 1376 2165 Vitellio
1421 2110 1728 2165 consulibus
1741 2151 1755 2179 ‚
1805 2107 1908 2186 qui
1954 2126 2058 2164 an·

96 2205 216 2248 nus
254 2196 383 2247 erat
411 2209 471 2266 p.
507 2187 647 2246 Chr.
676 2208 737 2246 n.
772 2187 869 2261 34,
911 2210 972 2248 u.
1026 2210 1077 2249 c.
1110 2187 1265 2264 7873
1308 2194 1539 2248 decessit
1583 2191 1741 2248 VIII
1774 2192 2062 2247 Kalendas

95 2273 432 2331 Decembres
480 2274 672 2329 Publio
712 2273 895 2331 Mario
936 2277 1122 2331 Asinio
1170 2275 1324 2331 Gallo
1373 2275 1677 2331 consulibus
1695 2316 1711 2344 ‚
1754 2271 1819 2330 id
1859 2280 1951 2331 est
1999 2293 2058 2350 p.

99 2354 250 2413 Chr.
293 2375 353 2413 n.
387 2352 485 2427 62,
524 2374 585 2412 u.
622 2374 674 2412 c.
715 2352 856 2428 815,
901 2355 1063 2415 unde
1093 2375 1173 2415 ne
1216 2355 1784 2432 duodetrigesimum
1818 2355 2063 2434 quidem

97 2457 329 2497 annum
357 2437 663 2513 integrum
688 2457 823 2495 eum
858 2434 1257 2517 complevisse
1297 2438 1708 2515 intelligimus.
1780 2441 1956 2496 Natus
1985 2446 2067 2495 est

20 2570 23 2571 ν
95 2527 156 2579 in
202 2523 435 2577 Etruria
494 2524 792 2578 Volaterris
832 2539 994 2596 eques
1035 2524 1346 2593 Romanus,
1389 2527 1652 2595 sanquine
1689 2529 1740 2579 et
1792 2523 2065 2595 affinitate

89 2607 272 2678 primi
317 2605 525 2660 ordinis
565 2608 694 2661 viris
742 2608 1093 2676 conjunctus,
1137 2624 1255 2683 quo
1307 2623 1386 2662 ex
1415 2624 1640 2680 genere
1669 2623 1792 2661 non
1826 2602 2062 2661 dubita-

94 2706 232 2745 mus
266 2685 409 2765 quin
444 2685 625 2744 etiam
660 2686 883 2745 Lucilii
915 2686 1022 2746 ille
1052 2687 1327 2767 aequalis
1357 2687 1565 2759 fuerit,
1597 2706 1776 2765 quem
1812 2684 2062 2744 Catulus

98 2767 271 2848 apud
316 2767 442 2827 Cic.
477 2767 648 2828 Orat.
681 2769 765 2826 ΙΙ.
815 2769 871 2828 6.
910 2760 989 2827 25
1030 2771 1292 2829 omnium
1325 2790 1472 2829 suae
1504 2769 1720 2829 aetatis
1761 2769 2064 2828 hominum

24 2875 47 2899 2
97 2851 513 2912 doctissimum
555 2852 826 2930 appellat
862 2851 1179 2932 eidemque
1210 2852 1502 2925 nonnulli,
1532 2861 1687 2911 teste
1732 2851 1859 2911 Cic.
1890 2852 2059 2910 Brut.

97 2933 353 3006 26:99,
387 2935 719 2993 orationem
754 2955 790 2993 a
818 2936 1054 2995 Fannio
1085 2947 1294 2995 contra
1328 2936 1396 2995 O.
1429 2934 1771 3014 Gracchum
1796 2934 2064 2993 habitam

92 3016 476 3092 tribuebant3
521 3051 606 3060 —-
638 3021 865 3076 decessit
903 3026 1103 3096 autem
1143 3028 1350 3079 noster
1380 3023 1457 3077 ad
1481 3029 1725 3077 octavum
1753 3022 2062 3075 milliarium

95 3108 190 3160 via
229 3104 418 3174 Appia
447 3105 505 3158 in
536 3105 788 3174 praediis
830 3107 977 3176 suis,
1031 3123 1188 3181 quae
1234 3109 1371 3162 sunt
1412 3102 1516 3181 qui
1549 3101 1677 3160 Sat.
1709 3101 1819 3159 VI.
1856 3099 1935 3158 55
1965 3120 2059 3158 re-

96 3184 258 3264 spici
302 3191 548 3262 putant,
596 3204 944 3263 quanquam
985 3185 1108 3243 alia
1159 3205 1401 3265 quoque
1443 3186 1508 3243 in
1545 3184 1831 3243 Etruriae
1872 3184 2059 3242 conti-

96 3286 339 3344 guaeve
371 3267 661 3343 Liguriae
707 3287 813 3325 ora
857 3287 994 3326 eum
1023 3268 1372 3346 possedisse
1414 3288 1494 3326 ex
1536 3266 1806 3343 ejusdem
1840 3267 2063 3325 satirae

95 3350 396 3429 principio
422 3349 603 3408 facile
629 3350 984 3426 colligimuS.
1037 3353 1210 3409 Pater
1250 3356 1375 3424 ejus
1408 3354 1647 3408 Flaccus
1673 3352 1941 3423 pupillum
1970 3366 2061 3406 re-

30 3490 53 3509 ,
97 3438 255 3508 liquit
293 3437 529 3491 moriens
571 3453 843 3490 annorum
878 3436 1006 3508 fere
1048 3452 1182 3509 sex3
1221 3437 1414 3492 Fulvia
1451 3435 1702 3490 Sisennia
1744 3440 1917 3488 mater
1957 3449 2060 3487 nu-

88 3521 208 3592 psit
240 3525 433 3590 postea
459 3519 633 3575 Fusio
675 3520 841 3592 equiti
886 3519 1135 3575 Romano
1180 3522 1235 3575 et
1271 3535 1392 3575 eum
1434 3532 1644 3590 quoque
1686 3517 1881 3572 extulit
1916 3517 2060 3568 intra
