2409 3825
2002 11 2409 145 ‘'-

285 192 371 255 96
565 268 570 271 .
1250 190 1409 250 1v*

454 360 626 420 multa
649 359 829 420 modis
851 357 1039 418 multis
1061 359 1116 418 in
1140 367 1375 418 cunctas
1398 358 1645 438 undique
1668 362 1874 440 partis;

457 442 908 524 quandoquidem
935 440 1237 521 speculum
1259 459 1618 521 quocumque
1647 445 1997 509 obvertimus
2019 451 2148 512 oris

326 540 427 594 165
453 547 552 589 res
577 528 686 589 sibi
707 525 1057 605 respondent
1079 523 1246 585 simili
1269 525 1447 585 forma
1475 536 1647 604 atque
1673 528 1890 590 colore.

526 610 551 693 Η
580 613 882 673 Praeterea
907 608 1076 669 modo
1103 627 1230 669 cum
1253 606 1422 670 fuerit
1446 610 1814 689 liquidissima
1835 615 1982 675 caeli

451 705 765 777 tempestas
781 741 798 772 ‚
823 710 1096 773 perquam
1119 692 1308 753 subito
1337 694 1397 754 fit
1419 695 1640 755 turbida
1663 694 1836 757 foede
1852 743 1870 774 ‚

453 781 702 859 undique
725 781 805 839 uti
832 777 1100 837 tenebras
1125 778 1307 838 omnis
1326 777 1657 839 Acherunta
1678 783 1856 840 rearis

450 866 689 944 liquisse
714 871 773 923 et
794 878 1023 939 magnas
1047 859 1193 920 caeli
1226 861 1554 941 complesse
1579 881 1869 925 cavernas.

326 958 430 1011 170
450 967 633 1027 usque
657 947 801 1007 adeo
823 954 1002 1006 taetra
1023 945 1337 1005 nimborum
1357 955 1530 1007 nocte
1554 957 1751 1009 coorta

452 1030 762 1112 inpendent
783 1038 938 1090 atrae
962 1027 1283 1094 formidinis
1293 1047 1392 1089 ora
1422 1049 1704 1109 superne;

451 1133 690 1197 quorum
714 1112 977 1193 quantula
998 1130 1131 1192 pars
1156 1114 1230 1173 sit
1259 1115 1445 1190 imago
1470 1114 1663 1175 dicere
1687 1127 1909 1177 nemost

449 1203 544 1280 qui
577 1200 795 1279 possit,
819 1214 1156 1276 nequeeam
1182 1198 1458 1258 rationem
1480 1198 1725 1260 reddere
1748 1200 1912 1261 dictis
1933 1247 1951 1278 ,

447 1288 503 1345 in
530 1302 697 1363 quem
722 1299 979 1361 quaeque
1004 1280 1194 1341 locum
1216 1281 1445 1342 diverso
1467 1284 1711 1344 momine
1729 1285 1939 1346 tendat.
1969 1282 1996 1367 Η
2114 1352 2133 1363 Ι

316 1375 416 1430 175
530 1367 694 1428 Nunc
720 1385 861 1444 age,
887 1383 1052 1444 quam
1078 1364 1258 1425 celeri
1281 1375 1436 1425 motu
1460 1365 1757 1428 simulacra
1777 1369 2063 1451 ferantur,

448 1462 506 1514 et
530 1469 675 1531 quae
703 1448 985 1510 mobilitas
1011 1447 1141 1509 ollis
1171 1451 1518 1510 tranantibus
1546 1468 1709 1512 auras

445 1536 663 1596 reddita
686 1538 793 1611 sit,
826 1533 1001 1611 longo
1026 1535 1212 1611 spatio
1236 1543 1296 1593 ut
1318 1535 1510 1595 brevis
1533 1533 1672 1595 hora
1695 1546 1937 1616 teratur,

446 1620 748 1681 suavidicis
772 1618 962 1697 potius
989 1635 1156 1695 quam
1188 1616 1377 1679 multis
1397 1619 1661 1680 versibus
1685 1619 1875 1689 edam;

444 1723 654 1784 parvus
675 1712 737 1763 ut
760 1711 852 1763 est
875 1703 1044 1779 cycni
1067 1700 1271 1761 melior
1295 1719 1468 1762 canor
1482 1748 1501 1780 ‚
1524 1701 1624 1763 ille
1651 1722 1853 1781 gruum
1882 1725 2049 1785 quam

318 1797 423 1851 180
448 1788 660 1848 clamor
685 1789 742 1847 in
765 1785 1032 1846 aetheriis
1061 1784 1355 1864 dispersus
1378 1787 1620 1848 nubibus
1644 1790 1835 1865 austri.
1949 1832 1999 1877 Ο

449 1873 731 1953 principio
754 1888 1042 1951 persaepe
1074 1868 1222 1931 levis
1243 1888 1339 1932 res
1360 1880 1531 1950 atque
1553 1872 1778 1934 minutis

444 1956 782 2035 corporibus
804 1955 983 2015 factas
1018 1952 1228 2014 celeris
1255 1954 1394 2016 licet
1418 1974 1551 2016 esse
1571 1954 1785 2032 videre.
1954 2015 1963 2019 -

442 2043 499 2100 in
521 2057 634 2118 quo
656 2042 763 2098 iam
785 2057 1002 2117 genere
1025 2047 1115 2099 est
1137 2037 1280 2100 solis
1304 2038 1403 2099 lux
1425 2049 1484 2099 et
1503 2057 1683 2119 vapor
1705 2043 1829 2102 eius
2404 2083 2405 2116 ¹

443 2134 752 2204 propterea
772 2125 899 2202 quia
922 2131 1052 2183 sunt
1074 2142 1109 2183 e
1137 2124 1334 2202 primis
1364 2124 1513 2183 facta
1539 2126 1763 2186 minutis
1779 2170 1797 2201 ‚

314 2217 413 2271 185
445 2226 589 2286 quae
613 2209 772 2286 quasi
793 2207 1069 2266 cuduntur
1089 2225 1309 2285 perque
1332 2207 1481 2268 aeris
1503 2209 1859 2268 intervallum

441 2308 555 2352 non
580 2290 832 2351 dubitant
851 2291 1089 2351 transire
1114 2293 1378 2370 sequenti
1403 2294 1626 2352 concita
1647 2290 1814 2371 plaga
2399 2255 2401 2326 ⁴

440 2393 661 2453 perque
684 2373 880 2435 volare
905 2392 1057 2434 mare
1079 2391 1148 2434 ac
1172 2385 1354 2435 terras
1378 2373 1713 2454 caelumque
1734 2378 1952 2455 rigare:
2394 2339 2399 2430 1

441 2458 833 2538 suppeditatur
854 2459 1001 2519 enim
1026 2458 1328 2519 confestim
1351 2457 1559 2520 lumine
1588 2458 1777 2520 lumen
1795 2506 1813 2538 ‚

440 2552 499 2603 et
522 2545 682 2622 quasi
704 2542 932 2622 protelo
954 2541 1269 2604 stimulatur
1288 2541 1515 2621 fulgere
1538 2543 1746 2621 fulgur.

314 2634 413 2689 190
443 2636 791 2707 quapropter
815 2628 1112 2688 simulacra
1134 2629 1255 2704 pari
1277 2630 1495 2688 ratione
1516 2646 1764 2689 necesse
1786 2638 1878 2689 est

440 2709 864 2772 inmemorabile
886 2730 993 2791 per
1014 2711 1256 2789 spatium
1286 2719 1676 2772 transcurrere
1699 2730 1876 2791 posse

438 2795 710 2875 temporis
738 2798 793 2854 in
817 2805 1029 2875 puncto
1047 2841 1064 2872 ‚
1090 2796 1327 2873 primum
1357 2795 1509 2874 quod
1538 2794 1770 2874 parvola
1796 2813 1966 2856 causa

338 2915 343 2924 ·
440 2887 530 2939 est
557 2878 763 2958 procul
786 2897 818 2938 a
843 2889 1009 2956 tergo
1033 2896 1179 2957 quae
1204 2878 1483 2957 provehat
1500 2889 1675 2957 atque
1700 2878 2026 2960 propellat,

437 2963 641 3023 deinde
665 2963 816 3041 quod
837 2982 1020 3042 usque
1042 2961 1187 3023 adeo
1212 2971 1433 3023 textura
1456 2962 1711 3043 praedita
1730 2981 1852 3023 rara

314 3054 411 3109 195
439 3048 762 3125 mittuntur,
784 3045 956 3107 facile
981 3055 1042 3107 ut
1070 3048 1303 3126 quasvis
1320 3058 1622 3127 penetrare
1652 3056 1859 3126 queant
1885 3066 1986 3110 res

437 3140 495 3190 et
518 3133 678 3209 quasi
709 3149 1040 3211 permanare
1067 3150 1175 3210 per
1196 3133 1348 3192 aeris
1372 3130 1744 3191 intervallum.

435 3223 734 3291 praeterea
756 3217 802 3276 si
831 3234 974 3294 quae
1001 3217 1228 3294 penitus
1255 3214 1596 3293 corpuscula
1621 3233 1809 3275 rerum

437 3315 511 3357 ex
530 3296 761 3375 altoque
785 3299 937 3359 foras
960 3301 1281 3376 mittuntur,
1311 3299 1452 3359 solis
1474 3301 1552 3358 uti
1576 3299 1674 3358 lux

434 3397 503 3438 ac
530 3397 741 3458 vapor,
778 3380 923 3441 haec
940 3392 1152 3460 puncto
1177 3392 1484 3442 cernuntur
1504 3384 1664 3463 lapsa
1686 3382 1798 3442 diei

304 3468 412 3523 200
430 3481 538 3541 per
558 3471 736 3522 totum
760 3462 903 3524 caeli
926 3466 1165 3542 spatium
1188 3464 1500 3526 diffundere
1524 3485 1679 3526 sese.
