2409 3825
159 167 248 232 98
1120 160 1195 220 1v

331 349 530 393 verum
551 347 656 389 nos
682 328 867 389 oculis
891 329 1019 407 quia
1044 328 1186 390 solis
1214 326 1454 387 cbrnere
1476 327 1697 404 quimus
1713 373 1732 405 ‚

204 425 312 483 240
337 423 643 496 propterea
667 413 727 472 fit
752 416 861 490 uti,
889 415 1148 492 speciem
1170 429 1284 492 quo
1308 411 1578 471 vertimus
1595 455 1612 487 ‚
1643 428 1843 473 omnes

334 519 430 561 res
454 498 533 559 ibi
556 514 681 557 eam
706 506 901 558 contra
922 496 1125 556 feriant
1147 494 1327 554 forma
1343 504 1516 574 atque
1549 494 1766 555 colore.

337 593 395 643 et
419 589 682 661 quantum
707 598 967 659 quaeque
989 580 1060 639 ab
1092 579 1258 639 nobis
1280 598 1376 639 res
1399 580 1579 653 absit,
1605 581 1791 657 imago

336 666 516 727 efficit
538 673 597 725 ut
622 664 911 724 videamus
936 673 994 724 et
1023 666 1420 723 internoscere
1445 670 1629 723 curat:

335 768 459 811 nam
484 767 610 809 cum
632 750 895 825 mittitur,
921 746 1210 826 extemplo
1233 745 1513 825 protrudit
1532 748 1764 826 agitque

205 844 310 899 245
341 841 473 894 aera
495 833 589 911 qui
611 833 759 891 inter
780 851 847 892 se
873 849 1113 910 cumque
1136 841 1226 891 est
1250 830 1569 908 oculosque
1593 829 1814 891 locatus
1830 877 1849 909 ,

338 921 504 995 isque
531 918 607 975 ita
630 934 736 995 per
758 925 980 977 nostras
1009 917 1166 976 acies
1192 914 1505 994 perlabitur
1527 915 1707 974 omnis

340 1012 397 1062 et
421 1001 581 1080 quasi
612 1009 909 1079 perterget
930 999 1177 1079 pupillas
1201 1008 1375 1078 atque
1394 1001 1474 1057 ‘ita
1495 999 1711 1058 transit.

339 1094 648 1166 propterea
667 1084 727 1144 fit
745 1086 826 1144 uti
852 1083 1142 1143 videamus
1168 1101 1332 1161 quam
1362 1081 1564 1160 procul
1591 1083 1736 1142 absit

339 1189 436 1230 res
463 1186 740 1247 quaeque.
770 1177 828 1228 et
857 1178 1064 1246 quanto
1088 1167 1220 1246 plus
1243 1167 1394 1227 aeris
1416 1176 1546 1225 ante
1569 1168 1833 1243 agitatur⁴

210 1264 314 1316 250
345 1263 402 1314 et
431 1261 660 1312 nostros
686 1251 889 1312 oculos
917 1258 1217 1330 perterget
1244 1251 1472 1327 longior
1493 1268 1625 1309 aura
1642 1294 1660 1326 ‚

344 1348 455 1398 tam
479 1335 681 1416 procul
709 1355 843 1397 esse
866 1334 1045 1412 magis
1068 1353 1165 1395 res
1191 1352 1455 1412 quaeque
1477 1343 1694 1394 remota
1715 1333 1942 1394 videtur

345 1419 570 1482 scilicet
585 1465 602 1495 ,
628 1419 772 1480 haec
796 1437 1011 1481 summe
1036 1418 1217 1479 celeri
1242 1420 1459 1477 ratione
1481 1428 1788 1495 geruntur,

345 1503 512 1585 quale
536 1504 609 1564 sit
628 1513 688 1562 nt
716 1504 1010 1563 videamus
1024 1548 1041 1579 ‚
1068 1512 1126 1562 et
1146 1521 1256 1561 una
1280 1519 1446 1581 quam
1466 1501 1671 1580 procul
1695 1503 1859 1563 absit.

344 1588 480 1649 illud
502 1589 557 1646 in
582 1586 671 1647 his
691 1588 867 1649 rebus
890 1588 1115 1646 minime
1135 1585 1391 1649 mirabile
1414 1584 1789 1646 habendumst
1804 1633 1821 1664 ‚

218 1682 321 1734 255
348 1691 448 1734 cur
464 1718 481 1748 ‚
506 1690 576 1731 ea
600 1689 745 1750 quae
769 1671 972 1731 feriant
996 1669 1198 1730 oculos
1226 1668 1524 1731 simulacra
1547 1668 1729 1730 videri

345 1755 567 1833 singula
594 1773 720 1815 cum
747 1762 1067 1834 nequeant,
1090 1772 1187 1814 res
1212 1757 1371 1833 ipsae
1392 1756 1827 1832 perspiciantur.
1932 1806 1949 1823 ,

343 1849 548 1901 ventus
571 1840 717 1899 enim
740 1857 970 1919 quoque
993 1837 1260 1918 paulatim
1283 1855 1410 1896 cum
1431 1839 1697 1898 verberat
1727 1849 1789 1898 et
1809 1858 1937 1899 cum

346 1943 480 1985 acre
504 1923 622 1982 fluit
649 1923 827 2000 frigus
845 1970 862 2000 ,
887 1941 999 1983 non
1019 1924 1235 2001 privam
1261 1939 1541 2001 quamque
1573 1923 1824 1984 solemus

347 2006 677 2089 particulam
698 2009 855 2066 venti
879 2009 1094 2067 sentire
1117 2017 1175 2067 et
1196 2007 1429 2084 frigoris
1453 2008 1576 2068 eius
1593 2054 1611 2085 ‚

217 2099 322 2154 260
350 2090 454 2153 sed
475 2092 654 2168 magis
676 2107 976 2167 morsum,
1003 2093 1240 2170 flerique
1268 2089 1506 2171 perinde
1529 2092 1786 2153 videmus

351 2192 598 2253 corpore
623 2183 739 2233 tum
762 2173 962 2252 plagas
986 2177 1041 2234 in
1062 2186 1260 2236 nostro
1283 2185 1564 2255 tamquam
1586 2176 1807 2255 aliquae
1837 2196 1934 2238 res

348 2259 615 2319 verberet
638 2267 806 2336 atque
831 2261 918 2318 sui
949 2257 1045 2318 det
1066 2277 1298 2320 sensum
1322 2261 1582 2337 corporis
1607 2272 1783 2321 extu.

351 2351 648 2421 praeterea
675 2341 920 2420 lapidem
943 2341 1120 2419 digito
1154 2361 1281 2403 cum
1302 2343 1582 2405 tundimus
1597 2390 1615 2423 ,
1640 2346 1827 2423 ipsum

349 2427 626 2503 tangimus
659 2429 973 2486 extremum
995 2429 1114 2487 saxi
1137 2445 1524 2505 summumque
1550 2427 1838 2505 colorem,

220 2519 322 2573 265
351 2528 461 2570 nec
483 2511 756 2570 sentimus
779 2528 908 2570 enm
931 2519 1084 2571 tactu
1098 2556 1116 2588 ‚
1140 2529 1337 2571 verum
1358 2513 1537 2588 magis
1558 2513 1737 2591 ipsam

353 2594 612 2655 duritiem
633 2595 860 2674 penitus
885 2596 1007 2655 saxi
1032 2598 1305 2656 sentimus
1327 2597 1383 2654 in
1403 2594 1539 2655 alto.

430 2676 596 2738 Nunc
617 2696 727 2756 age
744 2724 762 2756 ,
791 2697 892 2738 cur
912 2678 1057 2738 ultra
1078 2678 1379 2758 speculum
1399 2678 1656 2740 videatur
1676 2681 1860 2755 imago

348 2760 462 2824 illis
480 2808 497 2839 ‚
522 2781 666 2842 quae
688 2762 929 2822 reddunt
952 2761 1319 2841 speculorum
1351 2781 1426 2823 ex
1447 2780 1701 2841 aequore
1725 2765 1908 2822 visum
1925 2807 1950 2840 ,

348 2848 616 2926 percipe:
640 2864 765 2905 nam
796 2856 955 2906 certe
979 2848 1205 2925 penitus
1229 2855 1446 2907 semota
1467 2846 1708 2907 videtur.

221 2935 325 3008 270
354 2929 505 3009 quod
529 2948 712 3008 genus
735 2928 830 2989 illa
860 2930 999 2990 foris
1025 2949 1168 3008 quae
1191 2948 1332 2990 vere
1344 2933 1831 3010 ·transpiciuntur‚

351 3015 513 3073 ianua
546 3032 672 3073 cum
694 3032 801 3092 per
829 3033 894 3074 se
918 3023 1304 3093 transpectum
1327 3015 1571 3093 praebet
1591 3024 1847 3092 apertum
1862 3057 1881 3089 ‚

351 3097 522 3158 multa
544 3097 795 3176 facitque
817 3098 955 3158 foris
983 3116 1058 3158 ex
1074 3097 1311 3158 aedibus
1333 3107 1395 3157 nt
1414 3099 1736 3158 videantur:
1809 3132 1819 3137 -

351 3184 399 3242 is
424 3199 653 3260 qnoque
678 3182 826 3240 enim
848 3181 1061 3260 duplici
1083 3183 1426 3260 geminoque
1450 3182 1511 3240 fit
1539 3183 1675 3241 aere
1698 3183 1874 3241 visuS.

352 3266 563 3343 primus
588 3266 736 3323 enim
761 3266 899 3324 citra
921 3275 1124 3344 postes
1148 3274 1266 3325 tum
1293 3267 1539 3325 cernitur
1561 3272 1695 3340 aer,

224 3353 327 3408 275
354 3347 485 3407 inde
508 3347 665 3407 fores
688 3349 849 3425 ipsae
873 3347 1070 3407 dextra
1092 3348 1371 3427 laevaque
1393 3357 1667 3409 secuntur
1684 3392 1702 3424 ‚

353 3441 486 3510 post
510 3431 748 3490 extraria
778 3429 876 3488 lux
900 3430 1102 3490 oculos
1126 3439 1424 3509 perterget
1448 3440 1507 3491 et
1526 3438 1627 3490 aer

2011 2300 2059 2312 ‘-
