2409 3825
173 201 298 265 142
1141 199 1192 258 V

339 383 452 445 quo
476 376 647 445 pacto
677 363 908 426 aestivis
934 385 966 425 e
991 365 1243 443 partibus
1265 367 1628 442 aegocerotis

332 448 597 510 brumalis
621 449 785 509 adeat
808 449 990 509 ssexus
1016 456 1182 528 atque
1208 447 1338 507 inde
1359 458 1654 509 revertens

208 545 308 597 615
344 533 532 593 cancri
556 552 622 593 se
648 542 708 592 ut
728 541 911 593 vertat
932 542 1109 593 metas
1134 530 1203 590 ad
1226 531 1541 592 solstitialis
1558 579 1577 610 ,

225 650 228 653 ι
335 617 579 695 lunaque
602 616 891 676 mensibus
913 615 970 674 id
993 614 1236 694 spatium
1259 614 1516 675 videatur
1539 617 1698 676 obire
1716 663 1734 694 ,

240 743 249 750 -
333 718 512 759 annua
535 698 623 759 sol
647 701 702 758 in
728 716 839 777 quo
866 699 1143 759 consumit
1166 707 1423 777 tempora
1447 717 1632 760 cursu.

333 802 445 842 non
461 829 479 860 ,
504 784 725 860 inquam
740 827 758 858 ,
788 782 1033 859 simplex
1052 780 1139 841 his
1162 782 1334 841 rebus
1358 780 1575 841 reddita
1600 794 1840 845 causast.

334 885 459 926 nam
483 866 603 927 lieri
629 864 723 924 vel
750 883 877 925 cum
897 866 1089 944 primis
1110 864 1166 925 id
1191 882 1369 943 posse
1395 864 1650 942 videtur,

210 961 312 1015 620
332 949 645 1008 Democriti
671 947 823 1027 quod
845 957 1042 1010 sancta
1064 948 1169 1007 viri
1193 950 1474 1008 sententia
1496 951 1654 1027 ponit
1669 996 1686 1024 ‚

334 1040 542 1111 quanto
566 1049 826 1110 quaeque
848 1033 1028 1109 magis
1055 1032 1165 1091 sint
1186 1040 1393 1090 terram
1415 1031 1600 1092 sidera
1623 1043 1891 1112 propter,

333 1124 485 1175 tanto
509 1132 687 1193 posse
707 1116 885 1174 minus
909 1106 1038 1174 'cum
1063 1111 1207 1175 caeli
1232 1114 1453 1174 turbine
1478 1114 1640 1176 ferri:

334 1217 686 1259 evanescere
714 1199 860 1258 enim
887 1196 1109 1277 rapidas
1132 1196 1284 1258 illius
1309 1206 1367 1257 et
1390 1199 1537 1259 acris

331 1283 575 1342 imminui
598 1290 797 1361 supter
817 1283 951 1341 viris
966 1327 983 1358 ,
1015 1281 1262 1359 ideoque
1284 1279 1528 1359 relinqui

206 1376 306 1428 625
339 1365 601 1443 paulatim
624 1365 808 1440 solem
834 1383 961 1424 cum
982 1364 1381 1443 posterioribu’
1406 1365 1584 1442 signis
1602 1409 1619 1440 ‚

329 1449 563 1510 inferior
584 1449 760 1508 multo
784 1448 936 1526 quod
958 1450 1030 1508 sit
1054 1466 1219 1526 quam
1242 1445 1457 1508 fervida
1479 1449 1656 1525 signa.

331 1543 388 1593 et
411 1535 590 1610 mag-is
613 1532 725 1592 hoc
745 1530 959 1591 lunam:
985 1540 1189 1609 quanto
1215 1531 1514 1591 demissior
1535 1533 1657 1591 eius

299 1632 531 1677 ‘cursus
556 1617 719 1677 abest
742 1614 942 1694 procul
972 1633 1004 1674 a
1028 1614 1191 1675 caelo
1216 1617 1498 1693 terrisque
1524 1616 1898 1697 propinquat,

327 1709 483 1760 tanto
512 1717 689 1778 posse
711 1700 891 1758 minus
916 1717 1043 1758 cum
1066 1699 1245 1775 signis
1264 1698 1507 1765 „tendere
1538 1716 1778 1757 cursum.

198 1792 301 1847 630
324 1782 647 1845 flaccidiore
671 1784 877 1844 etenim
902 1792 1107 1861 quanto
1126 1784 1235 1840 iam
1262 1781 1484 1841 turbine
1507 1781 1686 1841 fertur

326 1867 559 1927 inferior
582 1883 744 1945 quam
766 1863 889 1944 sol,
914 1874 1067 1925 tanto
1090 1860 1268 1943 magis
1294 1865 1475 1925 omnia
1497 1864 1658 1942 signa

326 1951 470 2010 hanc
492 1949 876 2028 adipiscuntur
899 1951 1107 2010 circum
1124 1995 1142 2026 ,
1165 1959 1509 2028 praeterque
1533 1949 1803 2009 feruntur.

326 2042 633 2113 propterea
658 2034 717 2092 fit
739 2042 798 2093 ut
821 2032 965 2093 haec
988 2032 1057 2092 ad
1081 2034 1303 2109 signum
1330 2032 1834 2111 quodquevreverti

324 2116 586 2177 mobilius
616 2116 873 2176 videatur
891 2115 1005 2192 ,ad
1030 2116 1173 2175 hanc
1199 2117 1330 2194 quia
1354 2118 1516 2193 signa
1543 2118 1813 2176 revisunt.

199 2210 299 2263 635
330 2201 390 2260 fit
417 2218 645 2278 quoque
668 2209 728 2259 ut
753 2218 786 2259 e
809 2199 997 2259 mundi
1018 2201 1357 2260 transversis
1383 2199 1634 2278 partibus
1659 2206 1762 2258 aer

326 2283 560 2342 alternis
585 2291 744 2342 certo
770 2281 948 2342 fluere
977 2284 1122 2343 alter
1141 2293 1401 2362 tempore
1425 2284 1643 2360 possit,

327 2368 421 2446 qui
447 2375 617 2445 queat
640 2367 872 2426 aestivis
901 2365 1084 2427 solem
1107 2365 1410 2426 detrudere
1435 2368 1612 2443 signis

324 2449 591 2511 brumalis
614 2468 796 2528 usque
820 2449 890 2510 ad
917 2449 1098 2510 flexus
1126 2448 1492 2527 gelidumque
1513 2450 1759 2527 rigorem
1775 2495 1794 2527 ,

324 2544 382 2594 et
407 2535 501 2613 qui
528 2534 728 2594 reiciat
749 2532 955 2611 gelidis
977 2554 1009 2595 a
1031 2533 1259 2610 frigoris
1282 2533 1491 2592 umbris

199 2626 301 2680 640
326 2617 624 2678 aestiferas
646 2618 909 2695 usquein
932 2618 1105 2696 partis
1137 2626 1196 2677 et
1220 2615 1437 2676 fervida
1459 2618 1638 2693 signa,

322 2711 381 2762 et
404 2703 621 2762 ratione
651 2704 768 2779 pari
791 2699 975 2759 lunam
996 2699 1312 2778 stellasque
1333 2699 1722 2779 putandumst,

323 2803 467 2861 quae
495 2783 730 2844 volvunt
754 2802 988 2860 magnos
1014 2786 1070 2843 in
1094 2785 1311 2860 magnis
1335 2783 1565 2844 orbibus
1592 2800 1765 2843 annos
1784 2828 1802 2860 ,

321 2867 547 2929 aeribus
575 2885 753 2946 posse
775 2866 1007 2927 alternis
1033 2886 1066 2927 e
1088 2866 1340 2945 partibus
1366 2868 1466 2926 ire.

320 2969 506 3012 nonne
529 2951 690 3011 vides
718 2952 883 3011 etiam
908 2951 1148 3011 diversis
1170 2949 1359 3010 nubila
1379 2951 1566 3010 ventis

194 3042 296 3096 645
322 3034 574 3095 diversas
596 3035 679 3093 ire
704 3035 760 3092 in
780 3035 955 3113 partis
981 3033 1194 3093 inferna
1221 3030 1526 3113 supernis?

321 3120 415 3197 qui
437 3120 617 3178 minus
642 3116 739 3176 illa
761 3128 966 3195 queant
989 3136 1095 3196 per
1116 3134 1351 3195 magnos
1377 3116 1624 3176 aetheris
1650 3115 1802 3174 orbis

318 3202 571 3261 aestibus
594 3202 743 3260 inter
770 3220 836 3261 se
862 3199 1103 3261 diversis
1125 3200 1313 3260 sidera
1334 3197 1513 3260 ferri?

401 3284 478 3343 At
501 3299 617 3342 nox
638 3283 821 3342 obruit
844 3286 1059 3360 ingenti
1084 3282 1326 3360 caligine
1350 3292 1530 3343 terras
1547 3328 1564 3359 ,

317 3374 411 3424 aut
439 3366 534 3424 ubi
558 3365 629 3424 de
653 3363 831 3442 longo
864 3384 1032 3426 cursu
1054 3365 1144 3426 sol
1169 3364 1359 3425 ultima
1383 3365 1527 3425 caeli

195 3456 297 3509 650
323 3446 541 3526 impulit
562 3457 733 3526 atque
755 3465 891 3507 suos
916 3448 1127 3507 efflavlt
1149 3447 1445 3525 languidus
1468 3449 1615 3526 ignis
