2409 3825
234 190 289 254 θ
882 255 897 261 2
1228 191 1256 253 1

403 375 532 418 eum
562 355 990 436 eontinet-unt,
1013 358 1212 438 patefit
1234 356 1390 436 quod
1411 372 1653 434 eumque
1686 365 1947 435 creatur,

402 439 532 501 dnm
560 449 941 519 tempestates
952 441 1157 502 adsunt
1177 450 1237 501 et
1262 439 1447 500 vivida
1465 438 1639 500 tellus

403 532 527 585 tuto
548 542 647 585 res
668 533 903 586 teneras
921 525 1091 586 effert
1112 527 1167 586 in
1188 522 1416 585 luminis
1435 540 1565 584 oras
1577 520 1607 581 ’ἶ

278 613 385 671 loo
412 607 564 687 quod
588 610 637 668 si
661 608 734 667 de
756 607 873 669 nilo
895 609 1128 686 flerent,
1155 608 1347 669 subito
1369 597 1741 670 exorerentur
1829 678 1834 684 .

403 693 629 753 incerto
646 694 833 772 spatio
857 701 1031 772 etque
1051 691 1260 753 alienis
1272 692 1527 770 partibus
1547 692 1704 759 anni:
1773 719 1776 722 ‡

405 776 622 856 quippe
640 776 738 836 ubi
759 774 919 836 nulla
932 776 1122 838 forent
1141 774 1475 855 primordia,
1504 791 1649 853 quae
1679 774 1909 853 genitali

406 859 656 920 coneilio
682 868 924 938 possent
944 861 1128 921 areeri
1152 870 1413 939 tempore
1442 860 1654 939 iniquo.

404 961 523 1003 nee.
542 959 722 1021 porto
739 942 1015 1021 augendis
1034 945 1212 1004 rebus
1234 946 1419 1024 spatio
1447 945 1599 1004 foret
1623 960 1760 1004 usus
1775 988 1791 1020 ‚

277 1033 380 1089 185
408 1028 639 1086 seminis
663 1026 733 1086 ad
757 1030 1001 1106 coitum,
1034 1030 1084 1090 si
1107 1046 1142 1087 e
1164 1027 1283 1087 nilo
1307 1045 1578 1088 erescere
1601 1037 1840 1126 possent

404 1128 529 1171 nam
552 1110 793 1172 fierent
775 1129 1015 1172 iuvenes
1037 1113 1227 1173 subito
1251 1130 1326 1177 ex
1345 1111 1635 1172 infantibu'
1659 1113 1849 1189 parvis
1866 1157 1884 1188 ,

406 1214 441 1255 e
462 1203 728 1272 terraque
752 1205 949 1257 exorta
971 1213 1076 1274 rep
1086 1205 1220 1256 ente
1242 1196 1468 1256 arbusta
1491 1194 1740 1256 salirent.

406 1294 643 1357 quorum
661 1278 749 1337 nil
773 1278 894 1339 fieri
915 1279 1274 1340 manifestum
1300 1288 1425 1357 est,
1457 1280 1639 1338 omnia
1661 1269 1883 1357 quando

406 1360 670 1440 paulatim
695 1371 996 1441 creseunt,
1021 1372 1082 1422 ut
1112 1380 1218 1442 par
1237 1372 1327 1423 est
1350 1364 1565 1424 semine
1592 1372 1752 1421 certo

275 1452 381 1509 190
411 1463 681 1506 erescere
696 1490 715 1522 ,
751 1464 963 1527 resque
985 1465 1170 1525 genus
1192 1456 1451 1528 servant·
1437 1493 1452 1516 ‚
1482 1456 1542 1507 ut
1563 1463 1811 1507 noscere
1833 1448 2025 1525 possis

405 1530 654 1608 quicque
677 1547 779 1590 sua
801 1529 875 1591 de
906 1533 1136 1604 materia
1163 1530 1551 1609 grandescere
1573 1530 1781 1608 alique.

401 1611 516 1674 hue
536 1613 761 1674 aceedit
785 1616 862 1675 uti
885 1616 1008 1676 sine
1041 1617 1216 1688 certis
1238 1615 1508 1676 imbribus
1537 1616 1664 1674 anni

403 1696 684 1758 laetificos
710 1710 957 1779 nequeat
979 1700 1134 1762 fetus
1160 1700 1496 1761 submittere
1518 1698 1724 1774 tellus,

401 1800 514 1842 nee
541 1798 716 1860 porro
739 1794 966 1844 secreta
992 1785 1122 1844 oibo
1139 1794 1335 1843 natura
1357 1784 1688 1842 animantum

277 1872 379 1929 195
407 1882 728 1965 propagare
747 1884 932 1943 genus
954 1869 1142 1946 possit
1167 1869 1453 1944 vitamque
1475 1868 1651 1934 tueri,
1637 1888 1651 1901 ·

401 1959 462 2009 ut
491 1952 682 2028 potius
715 1949 905 2010 multis
931 1953 1244 2009 eommunia
1268 1966 1510 2028 corpora
1531 1949 1705 2008 rebus

399 2032 572 2092 multa
592 2041 764 2111 putes
794 2050 965 2110 esse,
989 2043 1051 2095 ut
1080 2033 1276 2093 verbis
1301 2032 1585 2092 elementa
1610 2030 1866 2091 videmus
1883 2078 1900 2108 ‚

403 2133 568 2194 quam
591 2119 714 2176 sine
733 2117 1027 2196 principiis
1052 2116 1222 2176 ullam
1240 2135 1361 2176 rem
1386 2117 1635 2176 existere
1656 2131 1851 2193 posse.

401 2198 646 2276 denique
674 2217 775 2259 our
795 2199 1051 2261 homines
1074 2209 1261 2261 tantos
1282 2208 1478 2258 natura
1499 2215 1697 2278 parare

272 2293 380 2345 200
407 2299 519 2342 non
543 2285 762 2360 potuit,
786 2283 1030 2362 pedibus
1056 2286 1152 2362 qui
1172 2293 1407 2362 pontum
1428 2301 1536 2367 per
1557 2281 1699 2342 vada
1722 2291 1962 2362 possent

400 2368 638 2426 transire
665 2376 724 2426 et
744 2384 981 2444 magnos
1003 2368 1258 2427 manibus
1286 2360 1561 2428 divellere
1591 2369 1796 2426 montis

400 2448 687 2528 multaque
709 2450 957 2509 vivendo
980 2450 1171 2511 vitalia
1192 2452 1428 2511 vincere
1460 2449 1651 2512 saecla
1665 2494 1685 2526 ‚

402 2534 449 2594 si
472 2550 583 2592 non
599 2578 618 2610 ‚
642 2536 907 2593 materies
930 2537 1057 2612 quia
1090 2536 1265 2595 rebus
1286 2534 1506 2595 reddita
1529 2542 1741 2595 certast

400 2616 701 2694 gignundis
718 2664 736 2694 ‚
763 2636 797 2678 e
821 2635 929 2697 qua
961 2627 1183 2680 constat
1207 2618 1338 2697 quid
1361 2619 1547 2698 possit
1570 2615 1743 2676 oriri?

272 2710 377 2763 205
406 2700 484 2759 nil
508 2703 679 2779 igitur
701 2702 823 2762 fleri
849 2702 921 2761 de
944 2702 1060 2761 nilo
1083 2719 1263 2782 posse
1287 2702 1663 2776 fatendumst,

400 2786 615 2845 semine
647 2786 870 2863 quando
895 2803 1039 2864 opus
1071 2795 1161 2847 est
1181 2786 1392 2863 rebus,
1429 2801 1542 2863 quo
1570 2801 1830 2862 quaeque
1864 2791 2080 2844 creata?

401 2869 550 2927 aeris
571 2870 627 2926 in
649 2878 876 2930 teneras
900 2871 1122 2948 possint
1142 2869 1455 2946 proferrier
1478 2885 1658 2928 auras.

360 2949 695 3030 ‘postremo
719 2954 980 3030 quoniam
998 2951 1228 3013 incultis
1251 2962 1545 3030 praestare
1567 2951 1824 3010 videmus

400 3034 550 3095 culta
572 3035 702 3094 loca
722 3044 788 3095 ‘et
811 3036 1063 3096 manibus
1086 3035 1337 3096 melioris
1359 3034 1602 3094 reddere
1631 3033 1783 3093 fetus
1801 3079 1818 3110 ‚

267 3127 374 3181 210
406 3137 542 3179 esse
565 3117 840 3179 videlieet
864 3121 918 3176 in
941 3120 1109 3178 terris
1132 3117 1434 3197 primordia
1454 3135 1641 3178 rerum
1658 3163 1675 3193 ‚

404 3219 549 3280 quae
572 3219 679 3261 nos
702 3202 977 3263 fecundas
998 3211 1294 3263 vertentes
1315 3220 1548 3262 vomere
1573 3200 1776 3278 glebas

401 3286 687 3364 terraique
710 3285 895 3346 solum
921 3285 1256 3363 subigentes
1282 3288 1459 3346 cimus
1481 3283 1551 3344 ad
1576 3293 1762 3344 ortus:

404 3369 556 3445 quod
583 3371 630 3428 si
653 3368 808 3429 nulla
831 3371 1057 3445 forent,
1080 3379 1277 3429 nostro
1301 3371 1424 3428 sine
1448 3385 1709 3446 quaeque
1732 3366 1931 3428 labore

248 3502 291 3511 .-
402 3460 611 3529 sponte
632 3471 734 3512 sua
761 3449 940 3512 multo
962 3451 1083 3510 fieri
1112 3451 1348 3512 meliora
1366 3449 1613 3511 videres.
