2409 3825
148 188 271 256 186
1101 188 1184 248 vl

186 367 291 422 815
320 375 465 436 quos
489 375 668 436 opere
691 357 747 416 in
770 354 868 416 tali
892 354 1123 416 cohibet
1148 358 1235 416 vis
1262 373 1462 434 magna
1482 353 1789 418 necessis'

316 442 424 503 hos
448 442 618 519 igitur
640 439 812 501 tellus
835 441 1014 501 omnis
1039 447 1337 501 exaestuat
1358 451 1554 502 aestus

318 526 655 605 expiratque
681 523 834 584 foras
859 525 915 582 in
938 532 1196 602 apertum
1218 533 1595 603 promptaque
1620 524 1784 584 caeli.

399 608 497 669 Sic
520 618 578 668 et
599 607 828 667 Averna
849 606 978 667 loca
999 605 1226 667 alitibus
1255 609 1601 669 summittere
1623 607 1835 668 debent

316 690 660 753 mortiferam
681 692 827 766 vim,
855 689 925 749 de
947 698 1099 750 terra
1123 708 1269 769 quae
1292 693 1475 769 surgit
1495 693 1737 752 inauras
1751 737 1770 763 ,

187 785 294 840 820
315 785 375 836 ut
397 777 638 855 spatium
662 772 806 833 caeli
836 772 1080 851 quadam
1108 773 1180 835 de
1203 784 1365 853 parte
1387 786 1667 843 venenet;

320 877 433 938 quo
459 857 713 919 simulac
736 858 971 935 primum
992 859 1195 936 pennis
1221 857 1407 919 delata
1436 861 1508 920 sit
1530 857 1652 920 ales
1667 904 1686 936 ,

316 942 653 1021 impediatur
673 941 750 1000 ihi
773 958 953 1001 caeco
976 950 1245 1021 correpta
1266 960 1491 1002 veneno
1509 988 1528 1019 ‚

318 1034 379 1086 ut
404 1025 564 1086 cadat
585 1044 620 1086 e
643 1025 883 1102 regione
907 1024 1058 1102 loci,
1085 1044 1195 1103 qua
1220 1024 1428 1103 derigit
1454 1035 1669 1087 aestus.

320 1127 432 1188 quo
458 1127 585 1170 cum
608 1110 862 1185 conruit,
886 1107 982 1168 hic
1005 1109 1208 1170 eadem
1224 1111 1313 1169 vis
1335 1108 1489 1171 illius
1513 1119 1706 1171 aestus

189 1202 293 1257 825
320 1192 591 1271 reliquias
613 1193 764 1252 vitae
786 1192 1054 1253 memhris
1078 1212 1154 1254 ex
1180 1193 1439 1254 omnihus
1463 1194 1665 1255 aufert.

319 1279 533 1356 quippe
556 1276 767 1337 etenim
788 1277 968 1355 primo
999 1278 1160 1356 quasi
1184 1275 1462 1356 quendam
1487 1278 1717 1337 conciet
1743 1285 1991 1338 aestum:

317 1361 607 1440 posterius
633 1361 692 1421 fit
716 1361 830 1437 uti,
858 1379 985 1420 cum
1008 1362 1116 1420 iam
1141 1359 1412 1420 cecidere
1432 1362 1640 1421 veneni

318 1447 375 1505 in
398 1444 570 1505 fontis
594 1446 753 1523 ipsos
769 1489 787 1521 ‚
811 1445 891 1504 ibi
914 1446 989 1505 sit
1012 1462 1243 1524 quoque
1265 1446 1380 1507 vita
1400 1445 1678 1505 vomeuda

318 1537 629 1608 propterea
652 1526 805 1607 quod
825 1545 1025 1606 magna
1046 1528 1176 1587 mali
1200 1527 1261 1588 lit
1287 1530 1454 1607 copia
1475 1530 1705 1589 circum.

192 1619 299 1675 830
402 1610 492 1672 Fit
516 1628 745 1690 quoque
775 1620 835 1671 ut
862 1610 1140 1672 interdum
1160 1613 1249 1673 vis
1278 1610 1423 1672 haec
1446 1621 1616 1691 atque
1639 1621 1830 1672 aestus
1851 1611 2072 1671 Averni

320 1702 484 1774 aera,
511 1696 606 1774 qui
635 1697 782 1755 inter
805 1696 924 1756 avis
950 1705 1250 1774 cumquest
1278 1705 1603 1775 terramque
1625 1694 1883 1773 locatus,

319 1779 613 1856 discutiat,
642 1796 825 1858 prope
848 1780 926 1840 uti
950 1778 1114 1840 locus
1137 1778 1233 1840 hic
1256 1779 1537 1859 linquatur
1558 1780 1753 1840 inanis.

322 1864 483 1924 cuius
506 1863 601 1924 ubi
620 1881 654 1923 e
682 1864 920 1941 regione
943 1862 1059 1923 loci
1084 1881 1300 1924 venere
1320 1863 1582 1926 volantes
1596 1909 1615 1942 ‚

323 1946 601 2007 claudicat
625 1947 917 2026 extemplo
939 1949 1229 2027 pinnarum
1250 1949 1408 2010 nisus
1429 1950 1607 2018 inanis
1622 1992 1640 2025 ‚

192 2039 295 2094 835
319 2040 379 2091 et
404 2047 678 2090 conamen
700 2033 979 2110 utrimque
1007 2032 1220 2092 alarum
1248 2032 1505 2112 proditur
1528 2050 1712 2093 omne.

321 2113 416 2174 hic
439 2115 535 2175 ubi
564 2115 741 2173 nixari
764 2125 1055 2195 nequeunt
1076 2116 1462 2195 insistereque
1492 2116 1596 2177 alis
1614 2160 1632 2193 ,

322 2197 549 2259 scilicet
565 2243 583 2275 ‚
609 2199 893 2258 interram
915 2198 1102 2260 delabi
1133 2198 1392 2279 pondere
1418 2202 1573 2277 cogit

320 2290 513 2341 natura
529 2326 547 2358 ‚
575 2290 633 2341 et
656 2299 894 2341 vacuum
919 2300 1103 2362 prope
1126 2286 1236 2344 iam
1258 2285 1547 2363 perinane
1570 2285 1825 2344 iacentes

323 2363 658 2443 dispergunt
680 2367 887 2426 animas
917 2384 1024 2446 per
1048 2366 1239 2429 caulas
1263 2368 1523 2447 corporis
1547 2368 1744 2428 omnis.

1130 2645 1161 2682 *

196 2875 301 2930 840
325 2866 584 2944 frigidior
604 2884 775 2946 porro
806 2869 862 2927 in
890 2869 1079 2947 puteis
1103 2875 1323 2928 aestate
1354 2868 1414 2927 fit
1437 2883 1631 2944 umor,

320 2951 561 3011 rarescit
585 2952 715 3029 quia
736 2961 888 3011 terra
915 2951 1107 3012 calore
1123 2996 1141 3028 ‚
1169 2961 1228 3012 et
1251 2953 1463 3012 semina
1486 2952 1535 3011 si
1562 2968 1708 3030 quae

322 3034 472 3095 forte
495 3035 724 3114 vaporis
753 3034 926 3095 habet
948 3036 1197 3114 proprii,
1226 3035 1446 3095 dimittit
1466 3034 1521 3093 in
1541 3052 1725 3094 auras.

324 3135 436 3195 quo
464 3119 644 3195 magis
668 3129 758 3179 est
780 3119 951 3195 igitur
972 3118 1145 3180 tellus
1169 3119 1342 3179 effeta
1367 3117 1593 3196 calore,

323 3202 383 3258 fit
409 3216 636 3276 quoque
663 3201 919 3279 frigidior
947 3205 1041 3280 qui
1065 3205 1121 3262 in
1145 3212 1351 3263 terrast
1371 3201 1592 3262 abditus
1615 3218 1793 3262 umor.

196 3288 300 3341 845
326 3280 542 3356 frigore
569 3301 691 3342 cum
715 3287 988 3363 premitur
1011 3304 1183 3363 porro
1208 3287 1387 3346 omnis
1411 3295 1561 3345 terra
1586 3287 1815 3362 coitque

326 3371 386 3420 et
409 3364 569 3437 quasi
594 3370 948 3446 con-crescit,
975 3370 1068 3445 fit,
1099 3367 1359 3446 scilicet,
1392 3377 1452 3427 ut
1476 3367 1738 3428 coeundo

329 3444 604 3519 exprimat
625 3448 680 3504 in
709 3459 914 3526 puteos
938 3454 988 3512 si
1012 3470 1178 3531 quem
1200 3454 1350 3530 gerit
1372 3453 1496 3530 ipsa
1522 3449 1787 3511 calorem.
