2409 3825
291 213 374 278 52
1271 211 1328 273 Π

458 393 514 443 at
540 385 679 443 varii
704 400 894 442 rerum
921 381 1216 460 inpediunt
1240 380 1659 461 prohibentque
1687 380 1916 442 colores
1932 427 1955 460 ,

462 486 574 546 quo
600 469 780 526 minus
805 485 939 526 esse
965 483 1075 524 uno
1100 467 1286 544 possit
1315 484 1410 525 res
1436 474 1553 525 tota
1580 467 1783 525 nitore.

545 550 685 610 Tum
709 568 881 629 porro
906 567 1052 629 quae
1077 548 1231 609 ducit
1255 559 1313 609 et
1335 547 1513 609 inlicit
1535 559 1594 609 ut
1619 550 1923 610 tribuamus

461 636 752 714 principiis
780 652 968 693 rerum
990 650 1405 712 nonnumquam
1435 651 1603 694 causa
1630 632 1860 694 colores
1877 680 1895 710 ,

334 725 437 782 790
463 719 673 780 occidit
693 765 710 795 ‚
736 737 812 778 ex
834 716 977 777 albis
1005 719 1266 796 quoniam
1288 734 1400 776 non
1425 716 1552 777 alba
1576 726 1838 776 creantur
1858 763 1877 793 ‚

460 822 570 863 nec
596 820 741 881 quae
763 803 926 878 nigra
947 799 1140 862 cluent
1164 800 1236 859 de
1261 802 1439 878 nigris
1455 845 1473 878 ,
1509 800 1615 861 sed
1639 803 1808 861 variis
1835 818 1928 860 ex.

464 888 678 965 quippe
703 887 913 945 etenim
933 884 1109 944 multo
1134 884 1447 963 proclivius
1474 886 1803 944 exorientur

465 970 696 1030 candida
719 969 790 1028 de
813 967 970 1028 nullo
997 986 1161 1046 quam
1184 970 1346 1046 nigro
1368 977 1495 1028 nata
1526 966 1723 1029 colore
1741 1015 1758 1046 ,

464 1064 555 1113 aut
586 1053 701 1112 alio
730 1053 932 1131 quovis
951 1098 967 1129 ‚
996 1053 1090 1132 qui
1117 1062 1312 1112 contra
1336 1062 1553 1131 pugnet
1578 1062 1636 1113 et
1661 1053 1870 1113 obstet.

336 1145 436 1200 795
547 1137 849 1197 Praeterea
873 1140 1131 1215 quoniam
1153 1146 1443 1215 nequeunt
1471 1139 1595 1197 sine
1624 1136 1755 1196 luce
1781 1135 2012 1198 colores

464 1240 599 1282 esse
617 1266 634 1298 ‚
658 1239 847 1300 neque
873 1222 928 1279 in
950 1218 1139 1281 lucem
1168 1222 1419 1280 existunt
1442 1220 1742 1299 primordia
1769 1239 1956 1281 rerum
1975 1266 1993 1298 ,

464 1306 618 1367 scire
646 1304 784 1365 licet
810 1323 974 1383 quam
998 1306 1107 1364 sint
1131 1303 1290 1363 nullo
1320 1304 1506 1364 velata
1536 1304 1764 1364 colore:

467 1389 647 1468 qualis
672 1391 819 1448 enim
848 1390 1038 1449 caecis
1063 1390 1274 1467 poterit
1303 1388 1465 1448 color
1488 1407 1620 1448 esse
1653 1385 1947 1448 tenebris?

467 1473 673 1533 lumine
702 1476 835 1552 quin
860 1474 988 1551 ipso
1016 1482 1258 1533 mutatur
1280 1482 1587 1552 propterea
1616 1473 1768 1550 quod

344 1567 446 1622 300
468 1568 627 1618 recta
651 1568 743 1617 aut
768 1557 999 1636 obliqua
1026 1575 1341 1636 percussus
1372 1556 1504 1616 luce
1532 1555 1795 1633 refulgit;

466 1643 652 1722 pluma
678 1641 1060 1703 columbarum
1088 1659 1200 1719 quo
1224 1650 1395 1719 pacto
1424 1643 1476 1699 in
1506 1640 1633 1701 sole
1662 1641 1918 1717 videtur,

466 1745 612 1805 quae
640 1728 747 1788 sita
778 1727 1039 1786 cervices
1068 1727 1280 1785 circum
1306 1724 1630 1804 collumque
1656 1734 1920 1785 coronat:

466 1828 704 1889 namque
726 1810 864 1869 alias
891 1810 951 1868 fit
975 1810 1053 1868 uti
1081 1808 1234 1870 claro
1261 1810 1333 1869 sit
1355 1810 1523 1869 rubra
1545 1826 1768 1887 pyropo
1783 1853 1802 1886 ‚

468 1894 744 1955 interdum
767 1893 1007 1972 quodam
1032 1913 1207 1953 sensu
1231 1895 1292 1954 fit
1320 1895 1397 1953 uti
1417 1892 1673 1953 videatur

338 1989 441 2042 805
471 1981 616 2039 inter
641 1979 907 2039 curalium
929 1978 1122 2037 viridis
1149 1979 1393 2040 miscere
1416 1977 1765 2055 zmaragdos.

470 2063 760 2141 caudaque
792 2064 1027 2141 pavonis
1044 2108 1061 2139 ‚
1085 2061 1245 2139 larga
1272 2080 1399 2123 cum
1424 2061 1555 2121 luce
1580 2060 1802 2140 repleta
1826 2070 1950 2138 est,

471 2147 749 2209 consimili
778 2156 950 2206 mutat
978 2147 1194 2206 ratione
1226 2146 1470 2206 obversa
1491 2144 1751 2213 colores:

470 2234 564 2310 qui
593 2234 852 2310 quoniam
882 2230 1124 2309 quodam
1146 2232 1450 2308 gignuntur
1480 2229 1701 2289 luminis
1723 2229 1873 2307 ictu,

469 2317 619 2375 scire
642 2315 813 2393 licet,
846 2318 969 2376 sine
996 2333 1068 2375 eo
1097 2315 1217 2374 fieri
1242 2332 1353 2373 non
1375 2332 1552 2394 posse
1574 2312 1878 2392 putandum
1906 2321 2014 2372 est.

341 2411 446 2465 810
472 2409 530 2461 et
553 2402 812 2479 quoniam
843 2398 1046 2478 plagae
1072 2398 1349 2478 quoddam
1373 2418 1554 2477 genus
1579 2398 1794 2476 excipit
1816 2398 1873 2455 in
1896 2417 1962 2457 se

470 2484 713 2564 pupula,
741 2498 867 2543 cum
892 2486 1105 2544 sentire
1131 2482 1387 2543 colorem
1409 2483 1613 2542 dicitur
1636 2480 1822 2542 album
1839 2525 1856 2557 ‚

468 2579 639 2649 atque
660 2567 810 2627 aliud
835 2585 1006 2646 porro
1025 2613 1042 2644 ‚
1070 2569 1289 2644 nigrum
1315 2586 1443 2629 cum
1472 2575 1530 2626 et
1556 2575 1749 2626 cetera
1776 2566 1986 2641 sentit,

469 2673 579 2714 nec
602 2652 781 2713 refert
805 2670 873 2712 ea
897 2670 1041 2731 quae
1066 2661 1262 2729 tangas
1297 2669 1410 2731 quo
1440 2651 1590 2711 forte
1613 2648 1811 2726 colore

467 2738 722 2817 praedita
743 2738 888 2813 sint,
924 2754 1122 2795 verum
1153 2733 1304 2814 quali
1334 2737 1512 2813 magis
1542 2743 1670 2813 apta
1693 2734 1904 2811 figura,

336 2831 439 2885 815
469 2824 620 2882 scire
647 2822 785 2881 licet
808 2819 884 2879 nil
909 2821 1204 2899 principiis
1231 2836 1377 2898 opus
1408 2839 1542 2881 esse
1575 2817 1839 2894 coloreS‚

469 2905 575 2967 sed
594 2907 762 2965 variis
793 2906 988 2964 formis
1012 2906 1293 2964 variantes
1321 2904 1494 2964 edere
1520 2911 1720 2964 tactus.

554 2990 859 3050 Praeterea
883 2990 1143 3068 quoniam
1168 3006 1281 3047 non
1305 2990 1477 3049 certis
1504 2997 1661 3048 certa
1687 2985 1880 3064 figuris

471 3084 562 3134 est
585 3083 779 3134 natura
805 3072 1015 3132 coloris
1047 3081 1104 3131 et
1129 3074 1312 3131 omnia
1339 3073 1740 3150 principiorum

472 3156 838 3216 formamenta
861 3165 1074 3234 queunt
1098 3158 1154 3215 in
1186 3158 1389 3234 quovis
1414 3174 1548 3216 esse
1575 3156 1792 3230 nitore,

341 3247 444 3299 820
471 3258 573 3299 cur
595 3257 663 3297 ea
688 3256 833 3315 quae
860 3249 1121 3300 constant
1143 3258 1220 3299 ex
1247 3239 1359 3299 illis
1387 3256 1501 3298 non
1522 3241 1735 3317 pariter
1758 3246 1887 3297 sunt

471 3340 637 3379 omne
659 3339 843 3397 genus
867 3322 1101 3400 perfusa
1127 3321 1417 3383 coloribus
1442 3324 1495 3381 in
1526 3339 1744 3399 genere
1770 3316 1962 3380 omni?

473 3403 848 3463 conveniebat
877 3406 1023 3464 enim
1051 3423 1259 3466 corvos
1283 3423 1510 3484 quoque
1535 3422 1712 3482 saepe
1734 3404 1980 3468 volantis

471 3504 544 3545 ex
566 3484 710 3545 albis
734 3484 919 3544 album
941 3489 1124 3565 pinnis
1146 3491 1357 3549 iactare
1383 3487 1635 3548 colorem
1654 3532 1671 3563 ‚
