2409 3825
338 114 427 178 64
900 125 1047 173 xw.
1107 121 1519 171 rampuns.
1563 115 1714 167 2—4.

339 262 522 328 tenui
565 261 753 326 initio
783 263 1002 324 tantae
1047 280 1200 343 opes
1245 260 1397 322 sunt
1436 255 1832 342 profligatae.
1918 275 2073 319 nam
2113 253 2263 318 duo·
2368 338 2369 343 ἵ

342 347 547 412 decim
592 344 1050 410 adulescentuli
1094 344 1387 408 coierunt
1428 363 1507 405 ex
1541 341 1640 424 iis,
1691 341 1803 422 qui
1847 340 2039 402 exilio
2085 341 2265 403 erant

341 431 595 495 multati
613 481 631 511 ,
687 451 833 494 cum
889 428 1152 493 omnino
1209 448 1345 491 non
1398 429 1613 490 essent
1664 424 1940 508 amplius
1990 427 2264 506 centum,

281 611 321 661 4
345 498 1728 664 gfflfflfflaffissdffizzzffiffifflanssr
1766 507 2095 656 fflffi
2131 529 2269 655 εἰς

343 683 550 769 magis
578 681 1083 746 adversariorum
1110 677 1380 743 factioni
1394 615 1604 762 lquam
1632 675 1965 760 Spartanis
2009 698 2088 741 eo
2115 680 2268 740 tem·

343 788 501 850 pore
553 766 794 830 bellum
848 764 1235 845 intulerunt,
1292 762 1404 847 qui
1457 761 1780 846 principes
1834 763 2021 825 erant
2072 760 2270 825 totius

347 850 681 915 Graeciae:
726 869 1000 931 quorum
1042 846 1298 930 imperii
1326 846 1643 928 maiestas,
1686 865 1896 928 neque
1938 846 2033 908 ita
2068 845 2270 909 multo
2372 870 2373 877 ¹

393 937 526 1016 ost,
578 931 913 996 Leuctrica
945 953 1033 1015 pu
1129 953 1168 994 a
1211 931 1291 996 ab
1333 930 1459 994 hoc
1502 930 1689 994 initio
1732 929 2026 1013 perculsa
2066 929 2275 993 conci*

285 1029 320 1078 5
390 1017 461 1081 it.
533 1016 631 1079 illi
659 1016 860 1100 igitur
889 1015 1015 1080 duo
1061 1015 1242 1099 ecim,
1286 1036 1563 1098 quorum
1591 1012 1721 1077 dux
1747 1016 1887 1079 erat
1911 1012 2274 1097 Pelopidas,

346 1122 494 1181 cum
567 1099 845 1163 Athenis
918 1099 1201 1162 interdiu
1265 1099 1573 1182 exissent,
1649 1101 1726 1162 ut
1793 1101 2276 1182 vesperascente

346 1183 523 1247 caelo
552 1182 806 1248 Thebas
844 1186 1110 1266 possent
1136 1184 1490 1265 pervenire,
1534 1203 1680 1249 cum
1722 1182 1987 1247 canibus
2030 1181 2278 1246 venati·

347 1268 438 1332 cis
483 1267 804 1349 exierunt,
847 1267 1012 1331 retia
1063 1269 1363 1350 ferenteS,
1406 1258 1652 1337 vestitis
1686 1267 1942 1351 agresti,
1986 1286 2116 1350 quo
2160 1265 2277 1329 mi·

346 1373 506 1416 nore
534 1374 641 1415 sus
688 1352 898 1416 icione
926 1352 1215 1417 facerent
1256 1352 1396 1415 iter.
1470 1351 1582 1434 qui
1610 1372 1755 1430 Qun
1793 1354 2084 1434 tempore
2110 1351 2276 1434 ipso,

351 1458 479 1520 quo
521 1373 899 1501 studuerant
911 1484 928 1517 ,
970 1436 1414 1519 pervenissent
1427 1484 1446 1519 ,
1507 1434 1769 1499 domum
1813 1432 2128 1501 Charonis
2174 1434 2277 1499 de·

349 1523 701 1604 verterunt,
745 1542 786 1584 a
827 1541 956 1603 quo
1001 1523 1067 1584 et
1106 1522 1361 1602 tempus
1406 1523 1472 1583 et
1513 1518 1645 1583 dies
1687 1523 1827 1583 erat
1867 1518 2074 1584 datuS.

271 1606 316 1672 3
517 1604 661 1670 Hoc
700 1604 845 1669 loco
902 1604 1061 1668 libet
1111 1604 1555 1687 interponere,
1610 1605 1731 1668 etsi
1781 1604 2141 1669 seiunctum
2198 1605 2277 1668 ab

347 1689 809 1839 affatim
832 1692 999 1836 22⁵1&
1027 1686 1543 1836 152¹?ssssssssss
1561 1771 1615 1836 T
1638 1687 2281 1838 ἓῗὲἓιὲἓᾚῖἒὲ

348 1856 430 1921 ad
472 1877 658 1922 aures
712 1823 1008 1941 pervenit
1062 1792 1279 1921 exffiles
1321 1856 1394 1920 in
1433 1856 1659 1922 urbem
1700 1857 1970 1922 venisse.
2068 1857 2138 1922 id
2181 1832 2291 1922 illi

348 1942 503 2005 vino
549 1942 879 2025 epulisque
921 1940 1119 2006 dediti
1168 1962 1371 2025 usque
1424 1962 1505 2006 eo
1557 1944 2012 2026 despexerunt,
2066 1946 2142 2007 ut
2196 1963 2278 2007 ne

287 2036 323 2086 2
353 2045 656 2107 quaerere
763 2025 976 2089 uidem
1039 2025 1116 2089 de
1180 2028 1364 2090 tanta
1413 2046 1485 2089 re
1539 2025 1913 2091 laborarint.
2014 2027 2280 2091 accessit
2372 2079 2373 2090 ,

352 2109 547 2173 etiam
590 2130 717 2192 quo
789 2110 996 2194 magis
1026 2108 1303 2192 aperiret
1345 2130 1567 2174 eorum
1595 2108 1998 2175 dementiam.
2082 2111 2280 2175 allata

351 2197 450 2257 est
508 2193 682 2256 enim
735 2192 1008 2275 epistola
1048 2192 1326 2258 Athenis
1379 2193 1460 2258 ab
1516 2194 1802 2259 Archino
1854 2195 1973 2258 uni
2026 2216 2106 2259 ex
2154 2195 2279 2277 his,

349 2274 659 2356 Archiae,
724 2275 837 2357 qui
897 2279 1038 2339 tum
1104 2277 1455 2342 maximum
1528 2279 1977 2362 magistratum
2037 2277 2280 2343 Thebis

351 2358 717 2455 obtinebat,
767 2358 840 2422 in
880 2380 1009 2443 qua
1050 2362 1269 2425 omnia
1309 2360 1388 2457 de
1428 2360 1828 2459 profectione
1871 2383 2096 2459 eorum
2138 2383 2280 2460 per-

353 2445 1474 2624 {Zssssitadssffitsoffffmtffiffigffia
1489 2445 2103 2625 &3322213332
2102 2468 2282 2596 ‘'35¹1ss

289 2624 327 2674 8
355 2612 579 2677 iiciens
633 2619 729 2676 ‘m
776 2612 1145 2676 crastinum’
1190 2613 1405 2696 inquit
1446 2621 1466 2651 θ
1584 2634 1694 2677 ero
1738 2635 1838 2678 res
1880 2614 2123 2679 serias?
2215 2619 2284 2680 at

351 2698 451 2761 illi
494 2718 715 2761 omnes
729 2745 746 2776 ,
1003 2696 1132 2759 iam
1174 2717 1307 2760 nox
1347 2697 1794 2780 processisset,
1837 2698 2155 2763 vinolenti
2199 2699 2281 2764 ab

353 2780 645 2845 exulibus
688 2780 847 2844 duce
932 2779 1031 2844 elo
1079 2779 1186 2844 ida
1213 2784 1366 2843 sunt
1405 2779 1746 2846 interfecti.
1819 2781 2053 2867 quibus
2086 2783 2279 2848 rebus

353 2863 682 2947 confectis,
733 2864 929 2948 vulgo
974 2885 1013 2927 a
1096 2884 1277 2928 arma
1315 2863 1805 2949 libertatemque
1848 2869 2096 2950 vocato,
2140 2888 2279 2932 non

353 2948 563 3013 solum
605 2946 718 3031 qui
760 2947 833 3011 in
859 2946 1017 3012 urbe
1047 2952 1248 3030 erant,
1293 2947 1404 3010 sed
1446 2949 1642 3013 etiam
1683 2948 1966 3032 undique
1995 2971 2075 3014 ex
2102 2951 2279 3035 agris

354 3034 844 3115 concurrerunt,
888 3030 1276 3114 praesidium
1322 3030 1967 3097 Lacedaemoniorum
2008 3055 2089 3098 ex
2130 3056 2277 3100 arce

351 3114 1125 3278 {aemam
1150 3114 2315 3284 abeunte

356 3273 617 3337 exilium
659 3278 999 3344 eiecerunt.
1847 3249 1867 3284 ’
2368 3237 2374 3268 ÷

280 3349 328 3410 4
517 3353 659 3418 Hoc
700 3363 835 3421 tam
861 3360 1119 3426 turbido
1151 3367 1460 3448 tempore,
1504 3367 1670 3432 sicut
1695 3388 1891 3452 supra
1918 3367 2274 3457 docuimus,
