<?xml version="1.0" encoding="UTF-8"?>
<!DOCTYPE html PUBLIC "-//W3C//DTD XHTML 1.0 Transitional//EN"
    "http://www.w3.org/TR/xhtml1/DTD/xhtml1-transitional.dtd">
<html xmlns="http://www.w3.org/1999/xhtml" xml:lang="en" lang="en">
 <head>
  <title>
</title>
<meta http-equiv="Content-Type" content="text/html;charset=utf-8" />
  <meta name='ocr-system' content='tesseract 3.04.00' />
  <meta name='ocr-capabilities' content='ocr_page ocr_carea ocr_par ocr_line ocrx_word'/>
</head>
<body>
  <div class='ocr_page' id='page_1' title='image "./tlucreticarider01unkngoog_0040.png"; bbox 0 0 2409 3825; ppageno 0'>
   <div class='ocr_carea' id='block_1_1' title="bbox 138 207 1163 270">
    <p class='ocr_par' dir='ltr' id='par_1_1' title="bbox 138 207 1163 270">
     <span class='ocr_line' id='line_1_1' title="bbox 138 207 1163 270; baseline -0.004 0"><span class='ocrx_word' id='word_1_1' title='bbox 138 207 226 270; x_wconf 80' lang='lat'>20</span> <span class='ocrx_word' id='word_1_2' title='bbox 1136 207 1163 266; x_wconf 82' lang='lat' dir='ltr'>l</span> 
     </span>
    </p>
   </div>
   <div class='ocr_carea' id='block_1_2' title="bbox 180 375 2409 1809">
    <p class='ocr_par' dir='ltr' id='par_1_2' title="bbox 310 375 1645 453">
     <span class='ocr_line' id='line_1_2' title="bbox 310 375 1645 453; baseline 0.002 -20"><span class='ocrx_word' id='word_1_3' title='bbox 310 376 526 450; x_wconf 84' lang='lat' dir='ltr'>fingere</span> <span class='ocrx_word' id='word_1_4' title='bbox 550 392 646 433; x_wconf 90' lang='lat' dir='ltr'>res</span> <span class='ocrx_word' id='word_1_5' title='bbox 670 375 856 453; x_wconf 85' lang='lat' dir='ltr'>ipsum</span> <span class='ocrx_word' id='word_1_6' title='bbox 879 392 987 453; x_wconf 85' lang='lat' dir='ltr'>per</span> <span class='ocrx_word' id='word_1_7' title='bbox 1007 394 1075 434; x_wconf 86' lang='lat' dir='ltr'>se</span> <span class='ocrx_word' id='word_1_8' title='bbox 1091 421 1110 451; x_wconf 83' lang='lat'>‚</span> <span class='ocrx_word' id='word_1_9' title='bbox 1134 385 1419 435; x_wconf 80' lang='lat' dir='ltr'><strong>terramve</strong></span> <span class='ocrx_word' id='word_1_10' title='bbox 1445 393 1645 436; x_wconf 82' lang='lat' dir='ltr'>creare</span> 
     </span>
    </p>

    <p class='ocr_par' dir='ltr' id='par_1_3' title="bbox 180 459 1779 873">
     <span class='ocr_line' id='line_1_3' title="bbox 180 459 1594 538; baseline -0.001 -17"><span class='ocrx_word' id='word_1_11' title='bbox 180 465 285 521; x_wconf 85' lang='grc'>710</span> <span class='ocrx_word' id='word_1_12' title='bbox 307 460 491 517; x_wconf 89' lang='lat' dir='ltr'>omnia</span> <span class='ocrx_word' id='word_1_13' title='bbox 513 468 572 517; x_wconf 77' lang='lat' dir='ltr'>et</span> <span class='ocrx_word' id='word_1_14' title='bbox 596 459 651 516; x_wconf 90' lang='lat' dir='ltr'>in</span> <span class='ocrx_word' id='word_1_15' title='bbox 674 475 863 538; x_wconf 75' lang='lat' dir='ltr'>rerum</span> <span class='ocrx_word' id='word_1_16' title='bbox 885 468 1112 518; x_wconf 85' lang='lat' dir='ltr'>naturas</span> <span class='ocrx_word' id='word_1_17' title='bbox 1139 461 1355 518; x_wconf 84' lang='lat' dir='ltr'>vertier</span> <span class='ocrx_word' id='word_1_18' title='bbox 1379 461 1559 520; x_wconf 88' lang='lat' dir='ltr'>omnis</span> <span class='ocrx_word' id='word_1_19' title='bbox 1576 506 1594 537; x_wconf 79' lang='lat'>‚</span> 
     </span>
     <span class='ocr_line' id='line_1_4' title="bbox 306 541 1726 621; baseline 0.001 -21"><span class='ocrx_word' id='word_1_20' title='bbox 306 559 512 619; x_wconf 86' lang='lat' dir='ltr'>magno</span> <span class='ocrx_word' id='word_1_21' title='bbox 538 559 716 621; x_wconf 89' lang='lat' dir='ltr'>opere</span> <span class='ocrx_word' id='word_1_22' title='bbox 739 559 772 601; x_wconf 88' lang='lat' dir='ltr'>a</span> <span class='ocrx_word' id='word_1_23' title='bbox 792 559 934 601; x_wconf 86' lang='lat' dir='ltr'>vero</span> <span class='ocrx_word' id='word_1_24' title='bbox 957 541 1130 618; x_wconf 90' lang='lat' dir='ltr'>longe</span> <span class='ocrx_word' id='word_1_25' title='bbox 1157 541 1421 604; x_wconf 88' lang='lat' dir='ltr'>derrasse</span> <span class='ocrx_word' id='word_1_26' title='bbox 1445 543 1726 603; x_wconf 84' lang='lat' dir='ltr'>videntur.</span> 
     </span>
     <span class='ocr_line' id='line_1_5' title="bbox 309 624 1779 707; baseline 0.001 -23"><span class='ocrx_word' id='word_1_27' title='bbox 309 624 453 686; x_wconf 91' lang='lat' dir='ltr'>adde</span> <span class='ocrx_word' id='word_1_28' title='bbox 477 627 645 685; x_wconf 88' lang='lat' dir='ltr'>etiam</span> <span class='ocrx_word' id='word_1_29' title='bbox 675 628 768 705; x_wconf 91' lang='lat' dir='ltr'>qui</span> <span class='ocrx_word' id='word_1_30' title='bbox 797 625 1201 705; x_wconf 79' lang='lat' dir='ltr'>conduplicant</span> <span class='ocrx_word' id='word_1_31' title='bbox 1224 626 1528 706; x_wconf 87' lang='lat' dir='ltr'>primordia</span> <span class='ocrx_word' id='word_1_32' title='bbox 1554 645 1743 687; x_wconf 87' lang='lat' dir='ltr'>rerum</span> <span class='ocrx_word' id='word_1_33' title='bbox 1759 674 1779 707; x_wconf 85' lang='lat'>,</span> 
     </span>
     <span class='ocr_line' id='line_1_6' title="bbox 307 710 1552 789; baseline 0.001 -20"><span class='ocrx_word' id='word_1_34' title='bbox 307 715 440 769; x_wconf 70' lang='lat' dir='ltr'>aera</span> <span class='ocrx_word' id='word_1_35' title='bbox 462 712 765 787; x_wconf 84' lang='lat' dir='ltr'>iungentes</span> <span class='ocrx_word' id='word_1_36' title='bbox 788 711 939 788; x_wconf 80' lang='lat' dir='ltr'>igni,</span> <span class='ocrx_word' id='word_1_37' title='bbox 966 720 1291 789; x_wconf 85' lang='lat' dir='ltr'>terramque</span> <span class='ocrx_word' id='word_1_38' title='bbox 1314 710 1552 789; x_wconf 78' lang='lat' dir='ltr'>liquori,</span> 
     </span>
     <span class='ocr_line' id='line_1_7' title="bbox 312 795 1720 873; baseline -0.001 -19"><span class='ocrx_word' id='word_1_39' title='bbox 312 804 372 854; x_wconf 91' lang='lat' dir='ltr'>et</span> <span class='ocrx_word' id='word_1_40' title='bbox 396 796 491 872; x_wconf 90' lang='lat' dir='ltr'>qui</span> <span class='ocrx_word' id='word_1_41' title='bbox 520 804 785 871; x_wconf 83' lang='lat' dir='ltr'>quattuor</span> <span class='ocrx_word' id='word_1_42' title='bbox 816 813 891 853; x_wconf 87' lang='lat' dir='ltr'>ex</span> <span class='ocrx_word' id='word_1_43' title='bbox 913 795 1087 854; x_wconf 89' lang='lat' dir='ltr'>rebus</span> <span class='ocrx_word' id='word_1_44' title='bbox 1112 812 1292 873; x_wconf 88' lang='lat' dir='ltr'>posse</span> <span class='ocrx_word' id='word_1_45' title='bbox 1318 797 1500 854; x_wconf 87' lang='lat' dir='ltr'>omnia</span> <span class='ocrx_word' id='word_1_46' title='bbox 1520 805 1720 854; x_wconf 91' lang='lat' dir='ltr'>rentur</span> 
     </span>
    </p>

    <p class='ocr_par' dir='ltr' id='par_1_4' title="bbox 184 879 1919 1293">
     <span class='ocr_line' id='line_1_8' title="bbox 184 879 1786 957; baseline -0.002 -17"><span class='ocrx_word' id='word_1_47' title='bbox 184 884 286 940; x_wconf 79' lang='lat'>715</span> <span class='ocrx_word' id='word_1_48' title='bbox 315 898 390 938; x_wconf 86' lang='lat' dir='ltr'>ex</span> <span class='ocrx_word' id='word_1_49' title='bbox 410 880 525 956; x_wconf 83' lang='lat' dir='ltr'>igni</span> <span class='ocrx_word' id='word_1_50' title='bbox 548 888 698 937; x_wconf 86' lang='lat' dir='ltr'>terra</span> <span class='ocrx_word' id='word_1_51' title='bbox 723 887 892 956; x_wconf 89' lang='lat' dir='ltr'>atque</span> <span class='ocrx_word' id='word_1_52' title='bbox 917 880 1094 937; x_wconf 87' lang='lat' dir='ltr'>anima</span> <span class='ocrx_word' id='word_1_53' title='bbox 1116 897 1497 957; x_wconf 81' lang='lat' dir='ltr'><strong>procrescere</strong></span> <span class='ocrx_word' id='word_1_54' title='bbox 1524 889 1582 938; x_wconf 88' lang='lat' dir='ltr'>et</span> <span class='ocrx_word' id='word_1_55' title='bbox 1605 879 1786 938; x_wconf 83' lang='lat' dir='ltr'>imbri.</span> 
     </span>
     <span class='ocr_line' id='line_1_9' title="bbox 311 961 1919 1043; baseline 0 -22"><span class='ocrx_word' id='word_1_56' title='bbox 311 980 548 1041; x_wconf 88' lang='lat' dir='ltr'>quorum</span> <span class='ocrx_word' id='word_1_57' title='bbox 570 961 983 1038; x_wconf 82' lang='lat' dir='ltr'>Acragantinus</span> <span class='ocrx_word' id='word_1_58' title='bbox 1011 982 1138 1023; x_wconf 88' lang='lat' dir='ltr'>cum</span> <span class='ocrx_word' id='word_1_59' title='bbox 1161 965 1355 1041; x_wconf 89' lang='lat' dir='ltr'>primis</span> <span class='ocrx_word' id='word_1_60' title='bbox 1380 961 1769 1042; x_wconf 89' lang='lat' dir='ltr'>Empedocles</span> <span class='ocrx_word' id='word_1_61' title='bbox 1798 969 1919 1043; x_wconf 76' lang='lat' dir='ltr'>est,</span> 
     </span>
     <span class='ocr_line' id='line_1_10' title="bbox 313 1046 1776 1124; baseline 0.002 -19"><span class='ocrx_word' id='word_1_62' title='bbox 313 1046 497 1105; x_wconf 87' lang='lat' dir='ltr'>insula</span> <span class='ocrx_word' id='word_1_63' title='bbox 521 1063 691 1122; x_wconf 90' lang='lat' dir='ltr'>quem</span> <span class='ocrx_word' id='word_1_64' title='bbox 714 1047 1004 1124; x_wconf 78' lang='lat' dir='ltr'>triquetris</span> <span class='ocrx_word' id='word_1_65' title='bbox 1027 1057 1303 1106; x_wconf 88' lang='lat' dir='ltr'>terrarum</span> <span class='ocrx_word' id='word_1_66' title='bbox 1327 1048 1511 1124; x_wconf 86' lang='lat' dir='ltr'>gessit</span> <span class='ocrx_word' id='word_1_67' title='bbox 1534 1048 1591 1106; x_wconf 93' lang='lat' dir='ltr'>in</span> <span class='ocrx_word' id='word_1_68' title='bbox 1618 1049 1734 1108; x_wconf 83' lang='lat' dir='ltr'>oris</span> <span class='ocrx_word' id='word_1_69' title='bbox 1759 1093 1776 1124; x_wconf 84' lang='lat'>,</span> 
     </span>
     <span class='ocr_line' id='line_1_11' title="bbox 311 1129 1807 1209; baseline 0.001 -21"><span class='ocrx_word' id='word_1_70' title='bbox 311 1148 475 1208; x_wconf 89' lang='lat' dir='ltr'>quam</span> <span class='ocrx_word' id='word_1_71' title='bbox 498 1129 718 1190; x_wconf 84' lang='lat' dir='ltr'>fluitans</span> <span class='ocrx_word' id='word_1_72' title='bbox 745 1132 958 1189; x_wconf 87' lang='lat' dir='ltr'>circum</span> <span class='ocrx_word' id='word_1_73' title='bbox 980 1133 1195 1208; x_wconf 88' lang='lat' dir='ltr'>magnis</span> <span class='ocrx_word' id='word_1_74' title='bbox 1220 1131 1567 1191; x_wconf 86' lang='lat' dir='ltr'>anfractibus</span> <span class='ocrx_word' id='word_1_75' title='bbox 1591 1147 1807 1209; x_wconf 85' lang='lat' dir='ltr'>aequor</span> 
     </span>
     <span class='ocr_line' id='line_1_12' title="bbox 309 1213 1536 1293; baseline 0.002 -20"><span class='ocrx_word' id='word_1_76' title='bbox 309 1213 526 1273; x_wconf 91' lang='lat' dir='ltr'>Ionium</span> <span class='ocrx_word' id='word_1_77' title='bbox 550 1213 770 1291; x_wconf 89' lang='lat' dir='ltr'>glaucis</span> <span class='ocrx_word' id='word_1_78' title='bbox 793 1217 1046 1293; x_wconf 87' lang='lat' dir='ltr'>aspargit</span> <span class='ocrx_word' id='word_1_79' title='bbox 1066 1217 1223 1275; x_wconf 83' lang='lat' dir='ltr'>virus</span> <span class='ocrx_word' id='word_1_80' title='bbox 1245 1216 1317 1275; x_wconf 89' lang='lat' dir='ltr'>ab</span> <span class='ocrx_word' id='word_1_81' title='bbox 1342 1215 1503 1275; x_wconf 91' lang='lat' dir='ltr'>undis</span> <span class='ocrx_word' id='word_1_82' title='bbox 1519 1260 1536 1292; x_wconf 82' lang='lat'>‚</span> 
     </span>
    </p>

    <p class='ocr_par' dir='ltr' id='par_1_5' title="bbox 184 1298 1734 1377">
     <span class='ocr_line' id='line_1_13' title="bbox 184 1298 1734 1377; baseline 0 -17"><span class='ocrx_word' id='word_1_83' title='bbox 184 1305 288 1362; x_wconf 79' lang='lat'>⁷20</span> <span class='ocrx_word' id='word_1_84' title='bbox 307 1308 663 1376; x_wconf 86' lang='lat' dir='ltr'>angustoque</span> <span class='ocrx_word' id='word_1_85' title='bbox 690 1298 839 1358; x_wconf 86' lang='lat' dir='ltr'>fretu</span> <span class='ocrx_word' id='word_1_86' title='bbox 860 1299 1113 1377; x_wconf 87' lang='lat' dir='ltr'>rapidum</span> <span class='ocrx_word' id='word_1_87' title='bbox 1136 1318 1289 1359; x_wconf 89' lang='lat' dir='ltr'>mare</span> <span class='ocrx_word' id='word_1_88' title='bbox 1316 1298 1509 1360; x_wconf 87' lang='lat' dir='ltr'>dividit</span> <span class='ocrx_word' id='word_1_89' title='bbox 1532 1299 1734 1360; x_wconf 81' lang='lat' dir='ltr'>almae</span> 
     </span>
    </p>

    <p class='ocr_par' dir='ltr' id='par_1_6' title="bbox 254 1381 1404 1455">
     <span class='ocr_line' id='line_1_14' title="bbox 254 1381 1404 1455; baseline 0 -14"><span class='ocrx_word' id='word_1_90' title='bbox 254 1442 280 1455; x_wconf 58' lang='grc'>,</span> <span class='ocrx_word' id='word_1_91' title='bbox 309 1381 504 1443; x_wconf 89' lang='lat' dir='ltr'>Italiae</span> <span class='ocrx_word' id='word_1_92' title='bbox 527 1392 798 1442; x_wconf 87' lang='lat' dir='ltr'>terrarum</span> <span class='ocrx_word' id='word_1_93' title='bbox 824 1402 951 1443; x_wconf 87' lang='lat' dir='ltr'>oras</span> <span class='ocrx_word' id='word_1_94' title='bbox 977 1402 1009 1442; x_wconf 88' lang='lat' dir='ltr'>a</span> <span class='ocrx_word' id='word_1_95' title='bbox 1036 1384 1239 1443; x_wconf 86' lang='lat' dir='ltr'>finibus</span> <span class='ocrx_word' id='word_1_96' title='bbox 1263 1386 1404 1443; x_wconf 88' lang='lat' dir='ltr'>eius.</span> 
     </span>
    </p>

    <p class='ocr_par' dir='ltr' id='par_1_7' title="bbox 309 1465 2409 1809">
     <span class='ocr_line' id='line_1_15' title="bbox 309 1465 2268 1545; baseline 0.001 -20"><span class='ocrx_word' id='word_1_97' title='bbox 309 1466 403 1526; x_wconf 92' lang='lat' dir='ltr'>hic</span> <span class='ocrx_word' id='word_1_98' title='bbox 427 1476 517 1527; x_wconf 88' lang='lat' dir='ltr'>est</span> <span class='ocrx_word' id='word_1_99' title='bbox 538 1477 695 1527; x_wconf 88' lang='lat' dir='ltr'>vasta</span> <span class='ocrx_word' id='word_1_100' title='bbox 718 1465 1033 1542; x_wconf 78' lang='lat' dir='ltr'>Charybdis</span> <span class='ocrx_word' id='word_1_101' title='bbox 1051 1515 1067 1545; x_wconf 78' lang='lat'>,</span> <span class='ocrx_word' id='word_1_102' title='bbox 1098 1478 1155 1528; x_wconf 90' lang='lat' dir='ltr'>et</span> <span class='ocrx_word' id='word_1_103' title='bbox 1177 1468 1272 1527; x_wconf 90' lang='lat' dir='ltr'>hic</span> <span class='ocrx_word' id='word_1_104' title='bbox 1294 1468 1549 1527; x_wconf 83' lang='lat' dir='ltr'>Aetnaea</span> <span class='ocrx_word' id='word_1_105' title='bbox 1570 1469 1846 1526; x_wconf 88' lang='lat' dir='ltr'>minantur</span> <span class='ocrx_word' id='word_1_106' title='bbox 2231 1516 2268 1533; x_wconf 80' lang='grc'>,.</span> 
     </span>
     <span class='ocr_line' id='line_1_16' title="bbox 309 1550 2409 1809; baseline 0 -200"><span class='ocrx_word' id='word_1_107' title='bbox 309 1569 588 1610; x_wconf 88' lang='lat' dir='ltr'>murmura</span> <span class='ocrx_word' id='word_1_108' title='bbox 613 1550 951 1611; x_wconf 86' lang='lat' dir='ltr'>flammarum</span> <span class='ocrx_word' id='word_1_109' title='bbox 972 1570 1194 1612; x_wconf 90' lang='lat' dir='ltr'>rursum</span> <span class='ocrx_word' id='word_1_110' title='bbox 1218 1570 1284 1612; x_wconf 89' lang='lat' dir='ltr'>se</span> <span class='ocrx_word' id='word_1_111' title='bbox 1310 1551 1593 1628; x_wconf 86' lang='lat' dir='ltr'>colligere</span> <span class='ocrx_word' id='word_1_112' title='bbox 1613 1553 1726 1610; x_wconf 86' lang='lat' dir='ltr'>iras</span> <span class='ocrx_word' id='word_1_113' title='bbox 1743 1597 1760 1627; x_wconf 85' lang='lat'>,</span> <span class='ocrx_word' id='word_1_114' title='bbox 2399 1562 2409 1809; x_wconf 55' lang='lat'>¹</span> 
     </span>
    </p>
   </div>
   <div class='ocr_carea' id='block_1_3' title="bbox 2162 0 2404 576">
    <p class='ocr_par' dir='ltr' id='par_1_8' title="bbox 2162 0 2404 576">
     <span class='ocr_line' id='line_1_17' title="bbox 2162 0 2404 576; baseline 0 3249"><span class='ocrx_word' id='word_1_115' title='bbox 2162 0 2404 576; x_wconf 95' lang='lat' dir='ltr'> </span> 
     </span>
    </p>
   </div>
   <div class='ocr_carea' id='block_1_4' title="bbox 176 1636 2409 3560">
    <p class='ocr_par' dir='ltr' id='par_1_9' title="bbox 176 1636 2409 3560">
     <span class='ocr_line' id='line_1_18' title="bbox 311 1636 1632 1715; baseline 0 -21"><span class='ocrx_word' id='word_1_116' title='bbox 311 1636 568 1695; x_wconf 82' lang='lat' dir='ltr'>faucibus</span> <span class='ocrx_word' id='word_1_117' title='bbox 594 1646 829 1715; x_wconf 88' lang='lat' dir='ltr'>eruptos</span> <span class='ocrx_word' id='word_1_118' title='bbox 853 1638 1058 1696; x_wconf 85' lang='lat' dir='ltr'>iterum</span> <span class='ocrx_word' id='word_1_119' title='bbox 1077 1638 1164 1697; x_wconf 86' lang='lat' dir='ltr'>vis</span> <span class='ocrx_word' id='word_1_120' title='bbox 1190 1646 1251 1694; x_wconf 92' lang='lat' dir='ltr'>ut</span> <span class='ocrx_word' id='word_1_121' title='bbox 1273 1644 1462 1694; x_wconf 78' lang='lat' dir='ltr'>vomat</span> <span class='ocrx_word' id='word_1_122' title='bbox 1484 1637 1632 1712; x_wconf 88' lang='lat' dir='ltr'>ignis</span> 
     </span>
     <span class='ocr_line' id='line_1_19' title="bbox 184 1718 1665 1798; baseline -0.005 -15"><span class='ocrx_word' id='word_1_123' title='bbox 184 1728 283 1783; x_wconf 74' lang='lat'>⁷25</span> <span class='ocrx_word' id='word_1_124' title='bbox 309 1719 379 1780; x_wconf 89' lang='lat' dir='ltr'>ad</span> <span class='ocrx_word' id='word_1_125' title='bbox 401 1718 735 1798; x_wconf 84' lang='lat' dir='ltr'>caelumque</span> <span class='ocrx_word' id='word_1_126' title='bbox 758 1719 904 1780; x_wconf 82' lang='lat' dir='ltr'>ferat</span> <span class='ocrx_word' id='word_1_127' title='bbox 926 1720 1159 1780; x_wconf 86' lang='lat' dir='ltr'>flammai</span> <span class='ocrx_word' id='word_1_128' title='bbox 1181 1719 1408 1797; x_wconf 83' lang='lat' dir='ltr'>fulgura</span> <span class='ocrx_word' id='word_1_129' title='bbox 1429 1737 1665 1778; x_wconf 88' lang='lat' dir='ltr'>rursum.</span> 
     </span>
     <span class='ocr_line' id='line_1_20' title="bbox 311 1803 2409 1883; baseline -0.001 -21"><span class='ocrx_word' id='word_1_130' title='bbox 311 1822 455 1882; x_wconf 90' lang='lat' dir='ltr'>quae</span> <span class='ocrx_word' id='word_1_131' title='bbox 483 1822 608 1863; x_wconf 90' lang='lat' dir='ltr'>cum</span> <span class='ocrx_word' id='word_1_132' title='bbox 631 1822 832 1881; x_wconf 89' lang='lat' dir='ltr'>magna</span> <span class='ocrx_word' id='word_1_133' title='bbox 852 1805 1032 1864; x_wconf 90' lang='lat' dir='ltr'>modis</span> <span class='ocrx_word' id='word_1_134' title='bbox 1056 1804 1246 1864; x_wconf 88' lang='lat' dir='ltr'>multis</span> <span class='ocrx_word' id='word_1_135' title='bbox 1269 1804 1513 1863; x_wconf 87' lang='lat' dir='ltr'>miranda</span> <span class='ocrx_word' id='word_1_136' title='bbox 1535 1803 1761 1863; x_wconf 85' lang='lat' dir='ltr'>videtur</span> <span class='ocrx_word' id='word_1_137' title='bbox 2405 1864 2409 1883; x_wconf 45' lang='grc'>1</span> 
     </span>
     <span class='ocr_line' id='line_1_21' title="bbox 308 1886 2409 1967; baseline -0.002 -18"><span class='ocrx_word' id='word_1_138' title='bbox 308 1888 575 1967; x_wconf 83' lang='lat' dir='ltr'>gentibus</span> <span class='ocrx_word' id='word_1_139' title='bbox 599 1887 852 1956; x_wconf 86' lang='lat' dir='ltr'>humanis</span> <span class='ocrx_word' id='word_1_140' title='bbox 874 1892 1038 1967; x_wconf 85' lang='lat' dir='ltr'>regio</span> <span class='ocrx_word' id='word_1_141' title='bbox 1061 1886 1412 1966; x_wconf 87' lang='lat' dir='ltr'>visendaque</span> <span class='ocrx_word' id='word_1_142' title='bbox 1437 1888 1650 1965; x_wconf 85' lang='lat' dir='ltr'>fertur,</span> <span class='ocrx_word' id='word_1_143' title='bbox 1974 1924 1980 1931; x_wconf 88' lang='lat'><strong>·</strong></span> <span class='ocrx_word' id='word_1_144' title='bbox 2401 1888 2409 1964; x_wconf 73' lang='grc'>1</span> 
     </span>
     <span class='ocr_line' id='line_1_22' title="bbox 306 1973 2409 2052; baseline -0.001 -20"><span class='ocrx_word' id='word_1_145' title='bbox 306 1974 482 2034; x_wconf 87' lang='lat' dir='ltr'>rebus</span> <span class='ocrx_word' id='word_1_146' title='bbox 506 1976 692 2052; x_wconf 88' lang='lat' dir='ltr'>opima</span> <span class='ocrx_word' id='word_1_147' title='bbox 716 1975 882 2034; x_wconf 86' lang='lat' dir='ltr'>bonis</span> <span class='ocrx_word' id='word_1_148' title='bbox 899 2020 916 2052; x_wconf 85' lang='lat'>,</span> <span class='ocrx_word' id='word_1_149' title='bbox 943 1973 1115 2033; x_wconf 88' lang='lat' dir='ltr'>multa</span> <span class='ocrx_word' id='word_1_150' title='bbox 1137 1975 1347 2031; x_wconf 87' lang='lat' dir='ltr'>munita</span> <span class='ocrx_word' id='word_1_151' title='bbox 1368 1974 1547 2031; x_wconf 86' lang='lat' dir='ltr'>virum</span> <span class='ocrx_word' id='word_1_152' title='bbox 1570 1975 1626 2032; x_wconf 83' lang='lat' dir='ltr'>vi</span> <span class='ocrx_word' id='word_1_153' title='bbox 1643 2018 1661 2050; x_wconf 83' lang='lat'>‚</span> <span class='ocrx_word' id='word_1_154' title='bbox 2403 1986 2409 1990; x_wconf 58' lang='lat'><strong>⁴</strong></span> 
     </span>
     <span class='ocr_line' id='line_1_23' title="bbox 306 2054 1713 2136; baseline 0 -20"><span class='ocrx_word' id='word_1_155' title='bbox 306 2057 384 2117; x_wconf 92' lang='lat' dir='ltr'>nil</span> <span class='ocrx_word' id='word_1_156' title='bbox 407 2067 594 2119; x_wconf 86' lang='lat' dir='ltr'>tamen</span> <span class='ocrx_word' id='word_1_157' title='bbox 615 2057 730 2117; x_wconf 88' lang='lat' dir='ltr'>hoc</span> <span class='ocrx_word' id='word_1_158' title='bbox 753 2057 1021 2118; x_wconf 88' lang='lat' dir='ltr'>habuisse</span> <span class='ocrx_word' id='word_1_159' title='bbox 1046 2060 1169 2117; x_wconf 89' lang='lat' dir='ltr'>viro</span> <span class='ocrx_word' id='word_1_160' title='bbox 1191 2054 1542 2136; x_wconf 87' lang='lat' dir='ltr'>praeclarius</span> <span class='ocrx_word' id='word_1_161' title='bbox 1566 2059 1623 2115; x_wconf 88' lang='lat' dir='ltr'>in</span> <span class='ocrx_word' id='word_1_162' title='bbox 1647 2075 1713 2117; x_wconf 87' lang='lat' dir='ltr'>se</span> 
     </span>
     <span class='ocr_line' id='line_1_24' title="bbox 176 2141 1800 2219; baseline -0.004 -14"><span class='ocrx_word' id='word_1_163' title='bbox 176 2150 279 2205; x_wconf 82' lang='lat'>‘130</span> <span class='ocrx_word' id='word_1_164' title='bbox 303 2162 414 2202; x_wconf 92' lang='lat' dir='ltr'>nec</span> <span class='ocrx_word' id='word_1_165' title='bbox 440 2152 695 2203; x_wconf 89' lang='lat' dir='ltr'>sanctum</span> <span class='ocrx_word' id='word_1_166' title='bbox 719 2144 898 2219; x_wconf 84' lang='lat' dir='ltr'>magis</span> <span class='ocrx_word' id='word_1_167' title='bbox 923 2151 982 2202; x_wconf 87' lang='lat' dir='ltr'>et</span> <span class='ocrx_word' id='word_1_168' title='bbox 1003 2144 1199 2200; x_wconf 89' lang='lat' dir='ltr'>mirum</span> <span class='ocrx_word' id='word_1_169' title='bbox 1227 2158 1530 2218; x_wconf 84' lang='lat' dir='ltr'>carumque</span> <span class='ocrx_word' id='word_1_170' title='bbox 1558 2141 1800 2201; x_wconf 86' lang='lat' dir='ltr'>videtur.</span> 
     </span>
     <span class='ocr_line' id='line_1_25' title="bbox 309 2224 1525 2305; baseline -0.001 -19"><span class='ocrx_word' id='word_1_171' title='bbox 309 2228 554 2288; x_wconf 83' lang='lat' dir='ltr'>carmina</span> <span class='ocrx_word' id='word_1_172' title='bbox 578 2228 708 2304; x_wconf 86' lang='lat' dir='ltr'>quin</span> <span class='ocrx_word' id='word_1_173' title='bbox 732 2228 898 2286; x_wconf 88' lang='lat' dir='ltr'>etiam</span> <span class='ocrx_word' id='word_1_174' title='bbox 923 2224 1092 2285; x_wconf 84' lang='lat' dir='ltr'>divini</span> <span class='ocrx_word' id='word_1_175' title='bbox 1116 2226 1374 2305; x_wconf 88' lang='lat' dir='ltr'>pectoris</span> <span class='ocrx_word' id='word_1_176' title='bbox 1402 2227 1525 2285; x_wconf 90' lang='lat' dir='ltr'>eius</span> 
     </span>
     <span class='ocr_line' id='line_1_26' title="bbox 307 2307 1692 2390; baseline -0.001 -20"><span class='ocrx_word' id='word_1_177' title='bbox 307 2310 696 2371; x_wconf 84' lang='lat' dir='ltr'>vociferantur</span> <span class='ocrx_word' id='word_1_178' title='bbox 717 2321 777 2370; x_wconf 87' lang='lat' dir='ltr'>et</span> <span class='ocrx_word' id='word_1_179' title='bbox 799 2320 1090 2389; x_wconf 87' lang='lat' dir='ltr'>exponunt</span> <span class='ocrx_word' id='word_1_180' title='bbox 1112 2307 1410 2390; x_wconf 87' lang='lat' dir='ltr'>praeclara</span> <span class='ocrx_word' id='word_1_181' title='bbox 1430 2318 1659 2388; x_wconf 85' lang='lat' dir='ltr'>reperta</span> <span class='ocrx_word' id='word_1_182' title='bbox 1674 2354 1692 2386; x_wconf 85' lang='lat'>,</span> 
     </span>
     <span class='ocr_line' id='line_1_27' title="bbox 309 2394 1497 2472; baseline -0.003 -17"><span class='ocrx_word' id='word_1_183' title='bbox 309 2406 368 2456; x_wconf 89' lang='lat' dir='ltr'>ut</span> <span class='ocrx_word' id='word_1_184' title='bbox 390 2396 487 2454; x_wconf 85' lang='lat' dir='ltr'>vix</span> <span class='ocrx_word' id='word_1_185' title='bbox 507 2395 742 2454; x_wconf 84' lang='lat' dir='ltr'>humana</span> <span class='ocrx_word' id='word_1_186' title='bbox 764 2394 1023 2455; x_wconf 86' lang='lat' dir='ltr'>videatur</span> <span class='ocrx_word' id='word_1_187' title='bbox 1045 2397 1225 2472; x_wconf 90' lang='lat' dir='ltr'>stirpe</span> <span class='ocrx_word' id='word_1_188' title='bbox 1253 2404 1497 2454; x_wconf 86' lang='lat' dir='ltr'>creatus.</span> 
     </span>
     <span class='ocr_line' id='line_1_28' title="bbox 390 2475 1740 2558; baseline -0.002 -20"><span class='ocrx_word' id='word_1_189' title='bbox 390 2477 497 2538; x_wconf 86' lang='lat' dir='ltr'>Hic</span> <span class='ocrx_word' id='word_1_190' title='bbox 522 2489 707 2539; x_wconf 90' lang='lat' dir='ltr'>tamen</span> <span class='ocrx_word' id='word_1_191' title='bbox 729 2489 787 2538; x_wconf 88' lang='lat' dir='ltr'>et</span> <span class='ocrx_word' id='word_1_192' title='bbox 811 2496 982 2558; x_wconf 87' lang='lat' dir='ltr'>supra</span> <span class='ocrx_word' id='word_1_193' title='bbox 1009 2496 1153 2556; x_wconf 86' lang='lat' dir='ltr'>quos</span> <span class='ocrx_word' id='word_1_194' title='bbox 1177 2478 1415 2537; x_wconf 86' lang='lat' dir='ltr'>diximus</span> <span class='ocrx_word' id='word_1_195' title='bbox 1440 2475 1740 2535; x_wconf 81' lang='lat' dir='ltr'>inferiores</span> 
     </span>
     <span class='ocr_line' id='line_1_29' title="bbox 181 2561 1667 2644; baseline -0.006 -17"><span class='ocrx_word' id='word_1_196' title='bbox 181 2572 282 2628; x_wconf 75' lang='lat'>735</span> <span class='ocrx_word' id='word_1_197' title='bbox 307 2563 563 2644; x_wconf 88' lang='lat' dir='ltr'>partibus</span> <span class='ocrx_word' id='word_1_198' title='bbox 588 2565 828 2641; x_wconf 88' lang='lat' dir='ltr'>egregie</span> <span class='ocrx_word' id='word_1_199' title='bbox 849 2561 1040 2622; x_wconf 88' lang='lat' dir='ltr'>multis</span> <span class='ocrx_word' id='word_1_200' title='bbox 1064 2562 1360 2639; x_wconf 89' lang='lat' dir='ltr'>multoque</span> <span class='ocrx_word' id='word_1_201' title='bbox 1382 2562 1632 2619; x_wconf 85' lang='lat' dir='ltr'>minores</span> <span class='ocrx_word' id='word_1_202' title='bbox 1649 2604 1667 2636; x_wconf 82' lang='lat'><strong>‚</strong></span> 
     </span>
     <span class='ocr_line' id='line_1_30' title="bbox 307 2645 1767 2726; baseline -0.002 -20"><span class='ocrx_word' id='word_1_203' title='bbox 307 2665 638 2726; x_wconf 86' lang='lat' dir='ltr'>quamquam</span> <span class='ocrx_word' id='word_1_204' title='bbox 661 2646 833 2706; x_wconf 86' lang='lat' dir='ltr'>multa</span> <span class='ocrx_word' id='word_1_205' title='bbox 855 2646 1005 2707; x_wconf 89' lang='lat' dir='ltr'>bene</span> <span class='ocrx_word' id='word_1_206' title='bbox 1029 2664 1098 2706; x_wconf 89' lang='lat' dir='ltr'>ac</span> <span class='ocrx_word' id='word_1_207' title='bbox 1122 2645 1385 2705; x_wconf 82' lang='lat' dir='ltr'>divinitus</span> <span class='ocrx_word' id='word_1_208' title='bbox 1411 2645 1767 2704; x_wconf 81' lang='lat' dir='ltr'>invenientes</span> 
     </span>
     <span class='ocr_line' id='line_1_31' title="bbox 307 2728 1636 2810; baseline -0.005 -19"><span class='ocrx_word' id='word_1_209' title='bbox 307 2751 381 2792; x_wconf 85' lang='lat' dir='ltr'>ex</span> <span class='ocrx_word' id='word_1_210' title='bbox 404 2730 574 2806; x_wconf 76' lang='lat' dir='ltr'>adyto</span> <span class='ocrx_word' id='word_1_211' title='bbox 597 2742 878 2810; x_wconf 87' lang='lat' dir='ltr'>tamquam</span> <span class='ocrx_word' id='word_1_212' title='bbox 902 2728 1091 2790; x_wconf 88' lang='lat' dir='ltr'>cordis</span> <span class='ocrx_word' id='word_1_213' title='bbox 1115 2746 1398 2808; x_wconf 87' lang='lat' dir='ltr'>responsa</span> <span class='ocrx_word' id='word_1_214' title='bbox 1422 2728 1636 2788; x_wconf 91' lang='lat' dir='ltr'>dedere</span> 
     </span>
     <span class='ocr_line' id='line_1_32' title="bbox 311 2814 1662 2890; baseline -0.004 -15"><span class='ocrx_word' id='word_1_215' title='bbox 311 2817 562 2875; x_wconf 87' lang='lat' dir='ltr'>sanctius</span> <span class='ocrx_word' id='word_1_216' title='bbox 591 2824 650 2875; x_wconf 89' lang='lat' dir='ltr'>et</span> <span class='ocrx_word' id='word_1_217' title='bbox 670 2814 847 2875; x_wconf 88' lang='lat' dir='ltr'>multo</span> <span class='ocrx_word' id='word_1_218' title='bbox 874 2824 1030 2874; x_wconf 88' lang='lat' dir='ltr'>certa</span> <span class='ocrx_word' id='word_1_219' title='bbox 1051 2815 1270 2873; x_wconf 90' lang='lat' dir='ltr'>ratione</span> <span class='ocrx_word' id='word_1_220' title='bbox 1292 2814 1473 2889; x_wconf 85' lang='lat' dir='ltr'>magis</span> <span class='ocrx_word' id='word_1_221' title='bbox 1500 2829 1662 2890; x_wconf 89' lang='lat' dir='ltr'>quam</span> 
     </span>
     <span class='ocr_line' id='line_1_33' title="bbox 306 2894 1824 2978; baseline -0.003 -19"><span class='ocrx_word' id='word_1_222' title='bbox 306 2897 506 2974; x_wconf 77' lang='lat' dir='ltr'>Pythia</span> <span class='ocrx_word' id='word_1_223' title='bbox 530 2917 674 2977; x_wconf 85' lang='lat' dir='ltr'>quae</span> <span class='ocrx_word' id='word_1_224' title='bbox 696 2898 906 2978; x_wconf 88' lang='lat' dir='ltr'>tripodi</span> <span class='ocrx_word' id='word_1_225' title='bbox 932 2916 963 2956; x_wconf 86' lang='lat' dir='ltr'>a</span> <span class='ocrx_word' id='word_1_226' title='bbox 986 2896 1201 2957; x_wconf 86' lang='lat' dir='ltr'>Phoebi</span> <span class='ocrx_word' id='word_1_227' title='bbox 1226 2895 1501 2974; x_wconf 74' lang='lat' dir='ltr'>lauroque</span> <span class='ocrx_word' id='word_1_228' title='bbox 1526 2894 1790 2974; x_wconf 85' lang='lat' dir='ltr'>profatur</span> <span class='ocrx_word' id='word_1_229' title='bbox 1805 2941 1824 2974; x_wconf 84' lang='lat'>,</span> 
     </span>
     <span class='ocr_line' id='line_1_34' title="bbox 181 2981 1535 3063; baseline -0.005 -16"><span class='ocrx_word' id='word_1_230' title='bbox 181 2992 284 3047; x_wconf 80' lang='lat'>740</span> <span class='ocrx_word' id='word_1_231' title='bbox 305 2984 602 3063; x_wconf 86' lang='lat' dir='ltr'>principiis</span> <span class='ocrx_word' id='word_1_232' title='bbox 625 2992 813 3043; x_wconf 86' lang='lat' dir='ltr'>tamen</span> <span class='ocrx_word' id='word_1_233' title='bbox 835 2984 893 3041; x_wconf 87' lang='lat' dir='ltr'>in</span> <span class='ocrx_word' id='word_1_234' title='bbox 914 2998 1102 3042; x_wconf 90' lang='lat' dir='ltr'>rerum</span> <span class='ocrx_word' id='word_1_235' title='bbox 1124 2981 1324 3041; x_wconf 82' lang='lat' dir='ltr'>fecere</span> <span class='ocrx_word' id='word_1_236' title='bbox 1347 2982 1535 3040; x_wconf 90' lang='lat' dir='ltr'>ruinas</span> 
     </span>
     <span class='ocr_line' id='line_1_35' title="bbox 307 3064 1662 3145; baseline -0.003 -18"><span class='ocrx_word' id='word_1_237' title='bbox 307 3078 365 3127; x_wconf 88' lang='lat' dir='ltr'>et</span> <span class='ocrx_word' id='word_1_238' title='bbox 388 3067 639 3145; x_wconf 89' lang='lat' dir='ltr'>graviter</span> <span class='ocrx_word' id='word_1_239' title='bbox 661 3069 846 3144; x_wconf 82' lang='lat' dir='ltr'>magni</span> <span class='ocrx_word' id='word_1_240' title='bbox 870 3083 1073 3144; x_wconf 87' lang='lat' dir='ltr'>magno</span> <span class='ocrx_word' id='word_1_241' title='bbox 1099 3064 1368 3125; x_wconf 87' lang='lat' dir='ltr'>cecidere</span> <span class='ocrx_word' id='word_1_242' title='bbox 1392 3065 1469 3124; x_wconf 92' lang='lat' dir='ltr'>ibi</span> <span class='ocrx_word' id='word_1_243' title='bbox 1496 3083 1662 3133; x_wconf 89' lang='lat' dir='ltr'>casu;</span> 
     </span>
     <span class='ocr_line' id='line_1_36' title="bbox 305 3149 1593 3230; baseline -0.001 -22"><span class='ocrx_word' id='word_1_244' title='bbox 305 3152 545 3230; x_wconf 89' lang='lat' dir='ltr'>primum</span> <span class='ocrx_word' id='word_1_245' title='bbox 567 3150 719 3228; x_wconf 85' lang='lat' dir='ltr'>quod</span> <span class='ocrx_word' id='word_1_246' title='bbox 744 3160 930 3209; x_wconf 85' lang='lat' dir='ltr'>motus</span> <span class='ocrx_word' id='word_1_247' title='bbox 955 3158 1226 3229; x_wconf 81' lang='lat' dir='ltr'>exempto</span> <span class='ocrx_word' id='word_1_248' title='bbox 1247 3149 1421 3209; x_wconf 88' lang='lat' dir='ltr'>rebus</span> <span class='ocrx_word' id='word_1_249' title='bbox 1446 3150 1593 3207; x_wconf 86' lang='lat' dir='ltr'>inani</span> 
     </span>
     <span class='ocr_line' id='line_1_37' title="bbox 309 3232 1793 3311; baseline -0.001 -19"><span class='ocrx_word' id='word_1_250' title='bbox 309 3234 692 3310; x_wconf 82' lang='lat' dir='ltr'>constituunt,</span> <span class='ocrx_word' id='word_1_251' title='bbox 719 3244 777 3293; x_wconf 83' lang='lat' dir='ltr'>et</span> <span class='ocrx_word' id='word_1_252' title='bbox 799 3251 895 3293; x_wconf 91' lang='lat' dir='ltr'>res</span> <span class='ocrx_word' id='word_1_253' title='bbox 919 3233 1107 3293; x_wconf 91' lang='lat' dir='ltr'>mollis</span> <span class='ocrx_word' id='word_1_254' title='bbox 1129 3251 1402 3311; x_wconf 85' lang='lat' dir='ltr'>rarasque</span> <span class='ocrx_word' id='word_1_255' title='bbox 1426 3232 1751 3311; x_wconf 84' lang='lat' dir='ltr'>relinquont</span> <span class='ocrx_word' id='word_1_256' title='bbox 1773 3278 1793 3310; x_wconf 85' lang='lat'>‚</span> 
     </span>
     <span class='ocr_line' id='line_1_38' title="bbox 306 3315 1798 3395; baseline 0.001 -21"><span class='ocrx_word' id='word_1_257' title='bbox 306 3322 474 3391; x_wconf 73' lang='lat' dir='ltr'>aera,</span> <span class='ocrx_word' id='word_1_258' title='bbox 501 3315 716 3394; x_wconf 87' lang='lat' dir='ltr'>solem,</span> <span class='ocrx_word' id='word_1_259' title='bbox 741 3318 933 3393; x_wconf 88' lang='lat' dir='ltr'>ignem</span> <span class='ocrx_word' id='word_1_260' title='bbox 950 3362 967 3393; x_wconf 82' lang='lat'>,</span> <span class='ocrx_word' id='word_1_261' title='bbox 998 3327 1181 3377; x_wconf 86' lang='lat' dir='ltr'>terras</span> <span class='ocrx_word' id='word_1_262' title='bbox 1199 3363 1218 3395; x_wconf 80' lang='lat'>‚</span> <span class='ocrx_word' id='word_1_263' title='bbox 1243 3316 1531 3394; x_wconf 79' lang='lat' dir='ltr'>animalia,</span> <span class='ocrx_word' id='word_1_264' title='bbox 1562 3316 1798 3395; x_wconf 83' lang='lat' dir='ltr'>fruges,</span> 
     </span>
     <span class='ocr_line' id='line_1_39' title="bbox 182 3398 1719 3479; baseline 0 -19"><span class='ocrx_word' id='word_1_265' title='bbox 182 3406 283 3460; x_wconf 80' lang='lat'>745</span> <span class='ocrx_word' id='word_1_266' title='bbox 306 3418 416 3458; x_wconf 90' lang='lat' dir='ltr'>nec</span> <span class='ocrx_word' id='word_1_267' title='bbox 440 3408 625 3459; x_wconf 84' lang='lat' dir='ltr'>tamen</span> <span class='ocrx_word' id='word_1_268' title='bbox 647 3398 960 3458; x_wconf 86' lang='lat' dir='ltr'>admiscent</span> <span class='ocrx_word' id='word_1_269' title='bbox 984 3403 1040 3458; x_wconf 87' lang='lat' dir='ltr'>in</span> <span class='ocrx_word' id='word_1_270' title='bbox 1063 3419 1260 3461; x_wconf 89' lang='lat' dir='ltr'>eorum</span> <span class='ocrx_word' id='word_1_271' title='bbox 1290 3419 1499 3479; x_wconf 88' lang='lat' dir='ltr'>corpus</span> <span class='ocrx_word' id='word_1_272' title='bbox 1523 3402 1719 3468; x_wconf 88' lang='lat' dir='ltr'>inane;</span> 
     </span>
     <span class='ocr_line' id='line_1_40' title="bbox 310 3480 1721 3560; baseline 0.002 -20"><span class='ocrx_word' id='word_1_273' title='bbox 310 3480 514 3540; x_wconf 90' lang='lat' dir='ltr'>deinde</span> <span class='ocrx_word' id='word_1_274' title='bbox 540 3481 691 3560; x_wconf 86' lang='lat' dir='ltr'>quod</span> <span class='ocrx_word' id='word_1_275' title='bbox 716 3481 940 3540; x_wconf 88' lang='lat' dir='ltr'>omnino</span> <span class='ocrx_word' id='word_1_276' title='bbox 972 3483 1137 3543; x_wconf 85' lang='lat' dir='ltr'>finem</span> <span class='ocrx_word' id='word_1_277' title='bbox 1160 3502 1274 3544; x_wconf 92' lang='lat' dir='ltr'>non</span> <span class='ocrx_word' id='word_1_278' title='bbox 1298 3504 1433 3544; x_wconf 88' lang='lat' dir='ltr'>esse</span> <span class='ocrx_word' id='word_1_279' title='bbox 1457 3482 1721 3544; x_wconf 89' lang='lat' dir='ltr'>secandis</span> 
     </span>
    </p>
   </div>
  </div>
 </body>
</html>
