2409 3825
1200 198 1283 257 ΙΙΙ

247 373 367 428 625
388 382 505 425 nec
533 365 754 426 ratione
782 366 891 427 alia
918 370 1144 425 nosmet
1168 381 1499 443 proponere
1527 367 1694 428 nobis

396 465 706 527 possumus
728 450 977 513 infernas
1006 451 1221 510 animas
1247 448 1582 511 Acherunte
1605 446 1814 529 vagari.

399 535 654 611 pictores
682 535 875 614 itaque
899 543 959 595 et
989 535 1334 610 scriptorum
1356 533 1548 596 saecla
1569 537 1758 614 priora

399 620 485 678 sic
512 620 724 678 animas
754 619 1185 680 introduxerunt
1216 618 1482 681 sensibus
1510 630 1722 683 auctas:

399 712 456 763 at
478 721 671 781 neque
702 721 928 764 sorsum
949 702 1104 763 oculi
1126 720 1317 780 neque
1338 722 1506 766 nares
1527 722 1638 764 nec
1661 723 1855 766 manus
1878 707 2002 784 ipsa

2158 199 2245 264 79

253 795 373 849 630
397 805 531 848 esse
561 796 756 864 potest
779 789 996 848 animae
1018 833 1036 865 ,
1068 804 1259 871 neque
1286 804 1508 848 sorsum
1532 787 1724 866 lingua
1745 806 1935 868 neque
1957 807 2159 853 aures:

395 870 543 930 haud
564 873 735 949 igitur
757 890 865 950 per
890 891 956 934 se
986 879 1230 949 possunt
1256 872 1469 932 sentire
1490 891 1688 953 ‘neque
1717 892 1869 935 esse.

481 953 558 1014 Et
583 958 845 1034 quoniam
872 966 997 1018 toto
1028 957 1303 1017 sentimus
1327 972 1572 1035 corpore
1595 960 1788 1021 inesse

395 1038 627 1100 vitalem
649 1059 880 1102 sensum
904 1050 963 1101 et
989 1050 1171 1102 totum
1194 1058 1329 1101 esse
1356 1039 1595 1102 animale
1616 1042 1873 1104 videmus
1889 1090 1907 1122 ‚

401 1125 448 1185 si
478 1124 664 1184 subito
695 1125 940 1186 medium
970 1124 1148 1186 celeri
1171 1124 1515 1203 praeciderit
1538 1126 1655 1188 ictu

254 1216 368 1270 635
400 1209 489 1269 vis
509 1206 698 1286 aliqua
714 1255 732 1287 ,
764 1219 825 1270 ut
848 1226 1072 1272 sorsum
1100 1218 1322 1287 partem
1345 1219 1610 1291 secernat
1634 1221 1929 1291 utramque
1944 1258 1961 1290 ‚

401 1293 698 1368 dispertita
725 1292 929 1371 procul
953 1293 1124 1354 dubio
1149 1310 1382 1372 quoque
1410 1295 1498 1354 vis
1522 1295 1722 1356 animai

399 1386 455 1436 et
487 1375 727 1437 discissa
754 1375 919 1438 simul
946 1397 1075 1438 cum
1106 1394 1356 1456 corpore
1385 1377 1726 1439 dissicietur.

396 1469 452 1521 at
476 1460 629 1539 quod
653 1461 928 1523 scinditur
952 1471 1010 1523 et
1039 1464 1216 1540 partis
1239 1461 1483 1524 discedit
1505 1464 1561 1521 in
1583 1462 1729 1523 ullas
1746 1508 1764 1540 ,

398 1545 624 1605 scilicet
641 1589 659 1622 ,
683 1555 972 1606 aeternam
996 1547 1104 1607 sibi
1133 1555 1386 1608 naturam
1404 1545 1598 1606 abnuit
1622 1565 1774 1608 esse.

250 1636 369 1691 640
398 1627 694 1689 falciferos
718 1639 1033 1691 memorant
1056 1647 1255 1717 currus
1277 1629 1581 1690 abscidere
1606 1630 1859 1690 membra

399 1729 575 1790 saepe
597 1714 674 1773 ita
702 1713 775 1774 de
800 1715 989 1776 subito
1019 1717 1299 1793 permixta
1321 1713 1502 1775 caede
1529 1711 1804 1790 calentis,

396 1805 457 1857 ut
478 1806 725 1858 tremere
747 1798 804 1856 in
833 1808 983 1859 terra
1005 1797 1264 1860 videatur
1283 1798 1356 1858 ab
1384 1797 1616 1859 artubus
1645 1795 1702 1856 id
1726 1797 1879 1875 quod

399 1879 610 1941 decidit
638 1880 960 1960 abscisum,
988 1901 1117 1944 cum
1138 1901 1303 1943 mens
1330 1889 1518 1943 tamen
1547 1890 1719 1961 atque
1743 1881 1984 1943 hominis
2013 1881 2109 1942 vis

397 1965 713 2026 mobilitate
740 1965 871 2027 mali
897 1984 1011 2026 non
1033 1970 1153 2046 quit
1176 1969 1392 2028 sentire
1418 1965 1705 2027 dolorem:

257 2058 373 2112 645
399 2059 458 2110 et
487 2049 669 2111 semel
690 2051 748 2108 in
772 2068 997 2129 pugnae
1018 2051 1205 2112 studio
1236 2050 1388 2130 quod
1411 2051 1599 2112 dedita
1622 2069 1784 2112 mens
1813 2060 1902 2111 est
1917 2096 1935 2128 ,

402 2150 649 2213 corpore
669 2132 895 2214 reliquo
926 2152 1174 2213 pugnam
1199 2135 1529 2213 caedesque
1558 2136 1833 2212 petessit,

397 2236 508 2277 nec
531 2226 690 2279 tenet
711 2220 972 2281 amissam
996 2218 1216 2281 laevam
1242 2239 1371 2279 cum
1396 2220 1649 2297 tegmine
1673 2235 1850 2297 saepe

398 2301 548 2361 inter
569 2318 751 2380 equos
772 2303 1040 2364 abstraxe
1063 2311 1223 2363 rotas
1246 2302 1546 2383 falcesque
1568 2321 1811 2382 rapaces
1827 2348 1845 2380 ‚

397 2402 510 2446 nec
534 2386 818 2448 cecidisse
840 2384 984 2448 alius
1014 2386 1302 2466 dextram,
1329 2405 1458 2449 cnm
1487 2388 1704 2449 scandit
1728 2396 1787 2446 et
1815 2388 2001 2447 instat.

254 2478 371 2531 650
396 2468 528 2529 inde
551 2467 695 2532 alius
721 2479 956 2531 conatur
975 2470 1243 2549 adempto
1268 2490 1508 2549 surgere
1539 2489 1705 2533 crure
1721 2516 1740 2547 ‚

399 2572 529 2612 cum
552 2552 761 2631 digitos
782 2556 959 2633 agitat
988 2565 1230 2635 propter
1246 2555 1613 2616 moribundus
1636 2554 1787 2614 humi
1816 2569 1938 2631 pes.
2040 2588 2050 2593 -

399 2646 459 2698 et
479 2648 648 2715 caput
675 2639 963 2699 abscisum
987 2638 1173 2699 calido
1197 2642 1546 2716 viventeque
1574 2648 1776 2698 trunco

397 2731 585 2782 servat
607 2721 759 2781 humi
786 2721 1003 2783 voltum
1023 2723 1258 2785 vitalem
1281 2721 1602 2801 oculosque
1627 2722 1872 2802 patentis
1888 2766 1905 2798 ‚

398 2803 584 2866 donec
613 2804 884 2886 reliquias
905 2810 1104 2867 animai
1131 2806 1376 2869 reddidit
1398 2823 1615 2867 omnes.

255 2897 370 2952 655
398 2890 533 2968 quin
563 2890 733 2950 etiam
759 2891 865 2949 tibi
897 2892 978 2969 si,
1012 2889 1204 2969 lingua
1226 2891 1482 2951 vibrante
1499 2936 1517 2969 ,
1541 2889 1771 2949 minanti

396 2983 723 3052 serpentem
747 2973 922 3035 cauda
940 3020 960 3054 ‚
993 2985 1240 3054 procero
1272 2992 1518 3053 corpore
1541 2974 1857 3051 utrimque,
1920 2982 1924 2986 ⁴

392 3058 466 3118 sit
494 3056 714 3119 libitum
735 3060 792 3118 in
820 3058 1025 3120 multas
1056 3062 1232 3137 partis
1263 3058 1547 3120 discidere
1572 3058 1727 3117 ferro
1745 3104 1763 3136 ,

396 3143 581 3202 omnia
603 3144 713 3201 iam
736 3158 958 3204 sorsum
982 3161 1187 3204 cernes
1211 3145 1403 3203 ancisa
1424 3143 1648 3203 recenti

390 3224 631 3287 volnere
659 3228 857 3287 tortari
882 3237 939 3287 et
967 3236 1175 3287 terram
1199 3243 1588 3305 conspargere
1619 3224 1753 3286 tabo
1774 3271 1792 3304 ,

250 3318 368 3373 660
391 3312 574 3387 ipsam
600 3329 784 3389 seque
807 3319 963 3370 retro
988 3321 1209 3390 partem
1233 3320 1438 3388 petere
1462 3326 1565 3370 ore
1599 3312 1844 3387 priorem
1859 3352 1877 3385 ‚

392 3393 643 3455 volneris
672 3394 889 3455 ardenti
913 3404 971 3454 ut
998 3411 1192 3454 morsu
1219 3403 1435 3471 premat
1459 3396 1573 3453 icta
1600 3391 1876 3451 dolorem,

394 3478 654 3541 omnibus
686 3497 819 3540 esse
851 3479 1023 3556 igitur
1043 3489 1192 3539 totas
1218 3477 1472 3536 dicemus
1501 3479 1556 3535 in
1585 3474 1700 3534 illis
