2409 3825
176 161 410 231 Lm]
1036 160 1267 217 LIBER.
2038 153 2127 219 39

182 322 575 408 Pepulitque
616 321 825 387 noctis
868 322 1125 387 umbras
1168 324 1412 409 vegetis
1457 324 1896 408 sonipedibus,

184 408 297 472 Ibi
342 407 616 474 Somnus
661 406 931 470 excitam
973 407 1162 471 Attin
1204 408 1274 471 fu
1330 409 1460 473 'ens
1504 409 1666 473 citus
1711 408 1900 473 abiit:

184 490 585 575 Trepidante
628 512 774 555 eum
814 492 1055 574 recepit
1097 491 1217 555 dea
1312 490 1556 556 asithea
1597 492 1761 556 sinu.

188 575 299 639 Ita
342 574 420 639 de
465 574 675 659 quiete
715 574 899 639 molli
940 574 1162 658 rapida
1203 575 1342 639 sine
1385 577 1592 641 rabie-

190 657 405 723 Simul
445 659 586 742 ipsa
625 660 883 742 pectore
923 659 1098 723 Attis
1141 681 1257 724 sua
1298 660 1468 724 facta
1505 659 1803 742 recoluit,
2058 670 2127 721 45

190 741 592 826 Liquidaque
632 746 847 806 mente
890 742 1051 807 vidit
1091 743 1231 807 sine
1276 744 1454 827 queis
1494 744 1730 827 ubique
1772 745 1970 825 foret,

190 827 438 890 Animo
482 828 811 890 aestuante
851 848 1071 891 rusum
1112 826 1387 892 reditum
1430 828 1510 892 ad
1549 828 1714 892 vada
1752 827 1988 892 tetulit.

191 908 302 974 Ibi
343 910 542 974 maria
581 912 761 975 vasta
801 911 1012 988 visens
1056 910 1535 976 lacrimantibus
1578 912 1779 978 oculis
1790 960 1809 995 ,

191 993 482 1059 Patriam
525 994 799 1058 allocuta
840 997 1146 1060 maestast
1186 996 1279 1059 ita
1319 1016 1474 1060 voce
1515 996 1847 1060 miseriter.

195 1077 453 1142 ‘Patria
493 1098 533 1142 o
576 1079 703 1142 mei
747 1079 1044 1162 creatrix,
1088 1080 1299 1163 patria
1341 1100 1379 1144 o
1424 1102 1567 1145 mea
1606 1081 1930 1165 genetriX,
2059 1090 2130 1140 50

193 1162 346 1247 Ego
421 1183 568 1226 uam
608 1162 804 1227 miser
844 1163 1211 1247 relinquens
1225 1214 1243 1246 ‚
1291 1164 1585 1229 dominos
1612 1166 1686 1228 ut
1714 1165 2002 1249 erifugae

194 1246 360 1311 Fam
431 1246 454 1308 i
495 1246 735 1330 solent,
780 1245 863 1311 ad
903 1246 1052 1312 Idae
1094 1249 1282 1312 tetuli
1323 1269 1588 1313 nemora
1628 1247 1884 1331 pedem,

194 1330 294 1395 Vt
336 1332 492 1414 aput
530 1331 744 1395 nivem
787 1333 853 1395 et
893 1332 1168 1396 ferarum
1211 1332 1425 1415 gelida
1468 1330 1719 1396 stabula
1758 1332 1963 1396 forem

195 1414 290 1480 Et
334 1436 553 1480 earum
592 1416 815 1499 operta
858 1414 1098 1480 adirem
1139 1416 1484 1479 furibunda
1524 1415 1831 1480 latibula?

195 1498 483 1564 Vbinam
512 1501 624 1562 aut
651 1498 878 1582 quibus
907 1499 1065 1564 locis
1094 1502 1160 1563 te
1235 1499 1492 1582 ositam‚
1537 1500 1774 1582 patria,
1818 1497 2006 1563 reor?
2062 1510 2130 1559 55

195 1581 401 1667 Cupit
440 1582 463 1646 i
511 1603 583 1646 sa
622 1583 865 1666 pupula
907 1583 988 1646 ad
1027 1586 1094 1647 te
1138 1584 1194 1646 si
1238 1583 1262 1646 i
1305 1583 1578 1668 dirigere
1623 1584 1854 1664 aciem,

196 1666 410 1732 Rabie
475 1669 588 1730 'era
628 1688 850 1731 carens
895 1666 1046 1731 dum
1087 1666 1277 1731 breve
1318 1670 1572 1751 tempus
1615 1666 1864 1731 animus
1909 1668 2025 1730 est.

194 1750 433 1836 Egone
475 1772 514 1813 a
541 1772 683 1814 mea
710 1753 957 1815 remota
982 1750 1139 1815 haec
1178 1751 1348 1814 ferar
1375 1753 1447 1815 in
1473 1771 1737 1815 nemora
1766 1749 2002 1815 domo?

199 1834 447 1919 Patria,
491 1834 708 1919 bonis,
752 1834 1003 1917 amicis,
1047 1835 1447 1920 genitoribus
1493 1833 1727 1901 abero?

198 1921 419 1984 Abero
463 1919 637 2001 for0,
680 1920 1026 2003 palaestra,
1073 1919 1280 1983 stadio
1324 1923 1391 1985 et
1430 1919 1851 2005 guminasiis‘?
2064 1932 2134 1982 60
2177 1939 2180 1943 ·

203 2003 402 2069 Miser
456 2023 496 2067 a
550 2004 772 2087 miser,
818 2003 1272 2088 querendumst
1313 2004 1526 2102 etiam·
1549 2007 1739 2088 atque
1783 2004 2006 2088 etiam,

1422 2110 1650 2152 anime.

201 2171 392 2248 Quod
413 2173 583 2237 enim
605 2193 809 2257 genus
833 2173 1154 2258 figuraest,
1180 2194 1300 2259 ego
1323 2193 1459 2237 non
1480 2172 1651 2256 quod
1670 2170 2046 2236 habuerim?

201 2257 351 2341 Ego
379 2257 627 2340 mulier,
658 2278 778 2342 ego
810 2257 1200 2340 adolescens,
1237 2279 1356 2343 ego
1388 2256 1688 2342 ephebus,
1720 2277 1841 2341 ego
1872 2277 2047 2341 puer,

203 2340 350 2425 Ego
394 2341 713 2438 guminasi
753 2342 851 2406 fui
891 2341 1039 2425 flos,
1086 2363 1207 2427 ego
1252 2363 1426 2406 eram
1469 2341 1659 2407 decus
1703 2340 1856 2405 olei:

205 2424 369 2490 Mihi
412 2445 641 2490 ianuae
680 2425 1043 2509 frequentes
1055 2475 1073 2509 ‚
1118 2425 1277 2490 mihi
1321 2425 1547 2490 limina
1585 2425 1833 2509 tepida,
2068 2436 2135 2485 65

204 2508 371 2574 Mihi
412 2508 654 2574 floridis
698 2510 954 2574 corollis
997 2510 1294 2574 redimita
1336 2510 1562 2575 domus
1603 2511 1770 2591 erat,

206 2592 653 2678 Linquendum
691 2593 804 2658 ubi
847 2597 1015 2659 esset
1057 2597 1197 2658 orto
1242 2593 1403 2658 mihi
1446 2596 1581 2658 sole
1624 2592 2005 2659 cubiculum.

206 2676 352 2761 Ego
396 2697 570 2742 nunc
598 2677 785 2743 deum
811 2677 1105 2743 ministra
1135 2680 1200 2742 et
1229 2677 1501 2761 Cybeles
1528 2678 1769 2742 famula
1795 2675 2006 2741 ferar?

207 2760 353 2846 Ego
397 2760 693 2844 Maenas,
738 2782 858 2847 ego
900 2763 1029 2827 mei
1071 2784 1220 2847 pars
1234 2813 1252 2846 ,
1298 2783 1418 2848 ego
1461 2763 1561 2826 vir
1604 2760 1836 2825 sterilis
1882 2758 2036 2824 ero?

206 2844 354 2930 Ego
398 2845 617 2909 viridis
662 2845 877 2930 algida
916 2846 1069 2911 Idae
1110 2848 1258 2911 nive
1302 2847 1538 2912 amicta
1580 2845 1722 2910 loca
1764 2844 2017 2909 colam?
2071 2852 2140 2905 w

204 2929 268 2995 E
317 2950 356 2995 o
398 2930 597 2994 vitam
639 2952 827 3015 agam
871 2931 989 2994 sub
1030 2931 1176 2996 altis
1207 2930 1525 3017 Phrygiae
1554 2929 2008 3012 columinibus,

206 3012 271 3078 V
316 3013 339 3077 i
383 3035 567 3079 cerva
608 3014 1012 3098 silvicultrix‚
1056 3015 1168 3079 ubi
1212 3037 1363 3099 aper
1403 3012 1896 3099 nemorivagus?

206 3096 349 3163 Iam
391 3100 522 3163 iam
565 3097 741 3163 dolet
782 3099 952 3182 quod
995 3099 1128 3184 egi,
1174 3098 1302 3163 iam
1345 3100 1595 3182 iamque
1637 3097 1967 3181 paenitet?

207 3182 437 3249 Roseis
479 3184 555 3247 ut
591 3182 741 3247 huic
782 3183 1031 3247 labellis
1074 3186 1321 3248 sonitus
1367 3185 1533 3247 celer
1576 3182 1762 3265 abiit,

208 3266 517 3332 Geminas
560 3265 823 3332 deorum
867 3268 950 3332 ad
992 3288 1175 3332 aures
1218 3289 1386 3331 nova
1426 3267 1654 3331 nuntia
1694 3265 2007 3348 refersne„
2073 3275 2140 3325 ‘15

210 3350 312 3416 Ibi
353 3352 572 3417 iuncta
613 3351 765 3436 iuga
805 3353 1128 3418 resolvens
1170 3351 1410 3435 Cybele
1452 3351 1743 3415 leonibus

208 3436 610 3522 Laevumque
650 3436 901 3522 pecoris
945 3435 1197 3502 hostem
1243 3434 1576 3501 stimulans
1619 3436 1710 3499 ita
1752 3432 2055 3517 loquitur*
