2409 3825
134 191 256 256 100
1094 189 1172 248 IV

172 368 275 421 315
301 357 448 418 flexa
473 357 649 436 figura
679 355 852 418 docet
874 356 1098 435 speculi
1131 358 1456 416 convertier
1476 355 1546 416 ad
1575 373 1701 416 nos.

300 440 596 518 indugredi
615 458 789 520 porro
814 442 1026 520 pariter
1052 438 1350 500 simulacra
1378 438 1704 519 pedemque

300 544 519 605 ponere
540 526 837 585 nobiscum
868 523 1070 585 credas
1096 532 1439 603 gestumque
1458 524 1659 583 imitari

301 618 610 689 propterea
631 609 791 687 quia,
823 606 896 668 de
919 606 1144 686 speculi
1175 625 1285 686 qua
1308 616 1468 687 parte
1491 605 1732 667 recedas
1751 652 1770 684 ‚

302 694 568 753 continuo
592 699 882 771 nequeunt
902 689 1063 751 illinc
1084 690 1383 752 simulacra
1403 693 1648 759 reverti;

175 786 279 839 320
302 777 481 836 omnia
504 775 957 854 quandoquidem
980 776 1136 851 cogit
1157 784 1351 835 natura
1369 774 1571 835 referri

300 878 368 920 ac
396 858 621 919 resilire
644 857 714 918 ab
736 859 912 920 rebus
940 856 1010 918 ad
1030 876 1249 937 aequos
1278 858 1496 919 reddita
1519 857 1719 918 flexus.

386 941 694 1022 Splendida
716 959 889 1021 porro
915 940 1068 1002 oculi
1088 941 1329 1020 fugitant
1347 945 1638 1021 vitantque
1661 942 1839 1003 tueri:

302 1025 391 1087 sol
415 1027 582 1086 etiam
606 1035 837 1102 caecat,
866 1035 1062 1086 contra
1083 1028 1129 1086 si
1159 1025 1398 1087 tendere
1422 1043 1634 1105 pergas
1653 1071 1671 1102 ‚

302 1119 612 1189 propterea
634 1111 763 1187 quia
781 1112 870 1170 vis
891 1119 1145 1187 magnast
1168 1112 1349 1189 ipsius
1365 1156 1383 1188 ‚
1408 1118 1469 1170 et
1490 1108 1602 1170 alte

173 1201 273 1255 325
301 1200 433 1254 aera
454 1211 560 1272 per
581 1211 781 1272 purum
801 1196 1052 1272 graviter
1073 1193 1374 1255 simulacra
1394 1193 1653 1254 feruntur

301 1288 359 1337 et
382 1277 588 1336 feriunt
610 1277 812 1337 oculos
827 1323 845 1354 ,
869 1279 1144 1338 turbantia
1168 1279 1598 1357 compositurus.
1635 1284 1641 1290 '

301 1369 598 1440 praeterea
621 1360 894 1441 splendor
924 1363 1263 1440 quicumque
1288 1372 1378 1423 est
1398 1379 1534 1422 acer
1555 1360 1733 1421 adurit

302 1463 480 1523 saepe
503 1444 705 1505 oculos
732 1444 862 1504 ideo
888 1444 1039 1523 quod
1063 1447 1278 1506 semina
1303 1444 1563 1525 possidet
1588 1446 1735 1522 ignis
1846 1440 1851 1445 ’

300 1527 472 1588 multa
488 1575 505 1606 ‚
539 1528 794 1589 dolorem
818 1526 1001 1590 oculis
1026 1547 1170 1607 quae
1194 1531 1434 1607 gignunt
1453 1529 1803 1590 insinuando.

173 1620 276 1698 339
302 1612 477 1672 lurida
501 1623 801 1692 praeterea
825 1613 959 1673 fiunt
982 1631 1375 1692 quaecumque
1397 1621 1626 1673 tuentur

302 1700 515 1776 arquati
532 1743 549 1773 ‚
583 1699 711 1776 quia
733 1695 938 1756 luroris
962 1696 1033 1756 de
1059 1714 1304 1776 corpore
1328 1715 1524 1759 eorum

303 1782 514 1840 semina
536 1780 708 1841 multa
732 1780 908 1840 fluunt
928 1779 1242 1841 simulacris
1268 1781 1435 1841 obvia
1455 1798 1644 1841 rerum
1658 1826 1676 1857 ,

300 1863 582 1943 multaque
606 1873 734 1925 sunt
760 1863 943 1926 oculis
964 1866 1022 1924 in
1051 1882 1247 1927 eorum
1270 1864 1514 1944 denique
1536 1867 1705 1925 mixta
1720 1910 1738 1942 ‚

303 1966 448 2027 quae
486 1958 729 2024 contage
752 1967 854 2009 sua
876 1947 1190 2028 palloribus
1215 1952 1397 2009 omnia
1419 1952 1673 2029 pingunt.

178 2039 279 2093 335
306 2051 338 2091 e
366 2031 620 2092 tenebris
644 2039 830 2092 autem
860 2050 1003 2111 quae
1028 2042 1156 2093 sunt
1180 2037 1238 2093 in
1257 2033 1390 2094 luce
1412 2043 1635 2093 tuemur

301 2125 606 2195 propterea
635 2116 792 2195 quia,
820 2134 946 2176 cum
970 2119 1205 2196 propior
1229 2116 1483 2194 caliginis
1507 2124 1608 2176 aer

303 2209 425 2258 ater
456 2200 556 2259 init
580 2197 782 2260 oculos
805 2202 962 2278 prior
981 2209 1042 2280 et
1064 2201 1324 2279 possedit
1350 2210 1581 2280 apertos
1597 2245 1615 2278 ‚

303 2283 618 2361 insequitur
640 2283 886 2343 candens
911 2283 1211 2344 confestim
1233 2284 1456 2345 lucidus
1487 2290 1620 2361 aer,

307 2368 402 2444 qui
430 2367 590 2445 quasi
612 2376 816 2445 purgat
837 2384 941 2427 eos
966 2385 1033 2427 ac
1056 2369 1246 2444 nigras
1271 2368 1501 2429 discutit
1521 2368 1746 2427 umbras

171 2457 275 2511 340
306 2450 455 2510 aeris
485 2448 665 2510 illius:
690 2468 816 2510 nam
837 2451 1024 2511 multis
1047 2453 1301 2530 partibus
1323 2452 1419 2512 hic
1445 2461 1536 2513 est

305 2531 567 2593 mobilior
588 2533 895 2613 multisque
916 2537 1179 2595 minutior
1207 2544 1266 2596 et
1287 2553 1452 2614 mage
1474 2534 1701 2615 pollens

301 2619 394 2697 qui
419 2616 583 2678 simul
606 2626 774 2697 atque
804 2620 926 2679 vias
954 2617 1249 2679 oculorum
1272 2618 1407 2680 luce
1433 2618 1680 2699 replevit

300 2711 469 2779 atque
496 2701 803 2780 patefecit,
830 2719 968 2779 quas
1000 2713 1129 2762 ante
1158 2701 1464 2763 obsederat
1495 2709 1596 2763 aer

299 2794 453 2862 ater,
482 2787 748 2846 continuo
770 2804 958 2845 rerum
985 2784 1286 2847 simulacra
1311 2796 1615 2864 secuntur,

175 2874 276 2928 345
301 2886 444 2947 quae
469 2871 574 2928 sita
597 2877 726 2929 sunt
747 2870 804 2928 in
824 2868 957 2929 luce
973 2914 991 2946 ‚
1016 2868 1422 2947 lacessuntque
1443 2880 1504 2931 ut
1536 2871 1845 2931 videamus.

300 2951 451 3030 quod
476 2962 669 3012 contra
693 2952 888 3013 facere
911 2953 968 3012 in
989 2953 1244 3014 tenebris
1266 2972 1301 3013 e
1325 2953 1458 3013 luce
1480 2956 1777 3034 nequimus

299 3044 604 3114 propterea
626 3038 755 3115 quia
775 3038 1063 3115 posterior
1087 3036 1344 3115 caliginis
1366 3043 1468 3096 aer

300 3121 547 3178 crassior
571 3122 919 3196 insequitur,
943 3121 1038 3199 qui
1061 3129 1265 3181 cuncta
1286 3120 1556 3181 foramina
1581 3120 1832 3199 complet

299 3202 621 3280 obsiditque
642 3204 764 3263 vias
787 3202 1083 3263 oculorum
1098 3249 1119 3281 ,
1141 3223 1215 3265 ne
1240 3203 1538 3266 simulacra

173 3291 274 3344 350
300 3286 521 3363 possint
545 3285 782 3344 ullarum
806 3305 995 3346 rerum
1019 3289 1280 3348 coniecta
1302 3304 1555 3348 movere.

300 3367 710 3446 quadratasque
734 3368 936 3447 procul
959 3372 1128 3431 turris
1153 3388 1280 3430 cum
1303 3372 1586 3433 cernimus
1606 3373 1795 3450 urbm,

299 3459 604 3529 propterea
628 3452 687 3510 fit
709 3453 788 3510 uti
812 3451 1106 3512 videantur
1122 3471 1301 3532 saepe
1325 3453 1624 3532 tutandae,
