2409 3825
1081 196 1157 256 1v
2013 194 2137 262 111

167 375 272 430 730
297 364 619 427 Centauros
643 366 833 444 itaque
859 374 917 423 et
946 362 1265 438 Scyllarum
1287 364 1538 424 membra
1558 365 1848 443 videmus,

299 448 741 528 Cerbereasque
769 465 966 507 canum
989 447 1167 508 facies
1184 494 1201 526 ‚
1227 446 1641 527 simulacraque
1669 467 1864 509 eorum

301 551 541 613 quorum
561 542 746 593 morte
768 532 921 592 obita
949 528 1123 593 tellus
1152 531 1515 612 amplectitur
1539 550 1701 601 ossa;

303 637 471 679 omne
501 635 684 696 genus
713 619 972 695 quoniam
995 618 1209 695 passim
1231 615 1529 677 simulacra
1549 616 1839 696 feruntur,

299 703 503 782 partim
524 710 731 781 sponte
754 708 854 761 sua
883 717 1028 779 quae
1053 701 1189 760 fiunt
1211 708 1348 761 aere
1377 703 1432 759 in
1455 704 1583 779 ipso
1604 748 1621 777 ‚

168 796 277 852 735
303 788 507 866 partim
531 803 676 864 quae
697 787 865 844 variis
888 784 957 844 ab
982 784 1156 845 rebus
1181 803 1424 864 cumque
1446 785 1723 844 recedunt

303 879 363 930 et
385 887 529 948 quae
556 869 802 929 confiunt
825 887 900 928 ex
923 868 1120 928 horum
1143 869 1293 928 facta
1315 871 1529 946 figuris.

302 973 431 1014 nam
458 962 618 1013 certe
643 971 718 1013 ex
736 955 869 1012 vivo
895 951 1162 1012 Centauri
1185 971 1298 1012 non
1324 954 1383 1012 fit
1405 954 1591 1030 imago
1609 1000 1628 1031 .,

302 1037 458 1098 nulla
478 1037 582 1098 fuit
605 1038 867 1116 quoniam
894 1036 1021 1096 talis
1045 1046 1240 1097 natura
1266 1035 1547 1096 animalis:

303 1140 503 1182 verum
526 1121 620 1181 ubi
642 1123 775 1200 equi
802 1139 938 1181 casu
958 1129 1128 1199 atque
1151 1121 1392 1182 hominis
1417 1125 1683 1183 convenit
1710 1124 1893 1202 imago
1911 1172 1930 1203 .,

167 1216 281 1272 740
303 1207 592 1267 haerescit
617 1203 787 1265 facile
817 1204 1137 1284 extemplo,
1166 1204 1318 1283 quod
1342 1204 1576 1265 diximus
1606 1217 1733 1268 ante
1751 1253 1768 1285 ,

305 1300 545 1370 propter
565 1289 832 1350 subtilem
859 1300 1107 1349 naturam
1135 1300 1194 1350 et
1222 1290 1411 1350 tenvia
1429 1298 1601 1350 texta.

307 1384 507 1435 cetera
535 1373 606 1435 de
635 1392 852 1451 genere
875 1374 989 1433 hoc
1014 1373 1214 1432 eadem
1233 1375 1452 1434 ratione
1477 1385 1754 1454 creantur.

308 1477 455 1538 quae
482 1477 610 1518 cum
632 1457 918 1517 mobiliter
939 1475 1151 1517 summa
1173 1456 1408 1518 levitate
1432 1458 1688 1518 feruntur
1703 1505 1720 1537 ,

306 1552 368 1602 ut
394 1546 550 1622 prius
569 1541 830 1619 ostendi,
855 1540 1025 1602 facile
1055 1559 1165 1600 uno
1192 1551 1512 1602 commovet
1533 1545 1651 1602 ictu

168 1637 280 1693 745
306 1626 598 1706 quaelibet
621 1644 728 1685 una
750 1629 988 1685 animum
1008 1625 1172 1686 nobis
1199 1626 1420 1687 subtilis
1449 1628 1665 1703 imago:
1700 1700 1711 1707 -

311 1714 496 1771 tenvis
522 1713 670 1770 enim
690 1729 852 1770 mens
875 1720 966 1770 est
990 1719 1049 1770 et
1070 1711 1209 1770 mire
1233 1709 1457 1770 mobilis
1484 1711 1625 1789 ipsa.

393 1795 552 1855 Haec
579 1796 700 1855 fieri
722 1803 783 1853 ut
804 1811 1056 1854 memoro
1074 1841 1091 1870 ‚
1115 1793 1285 1855 facile
1310 1795 1442 1854 hinc
1469 1811 1826 1872 cognoscere
1854 1797 2066 1875 possis.

311 1891 590 1960 quatenus
614 1879 728 1940 hoc
752 1877 936 1941 simile
961 1887 1051 1940 est
1075 1877 1191 1956 illi,
1219 1879 1371 1959 quod
1394 1888 1584 1940 mente
1606 1879 1862 1942 videmus

309 1974 481 2044 atque
504 1962 687 2024 oculis
703 2010 721 2042 ‚
747 1963 911 2025 siniili
936 1964 1058 2023 lieri
1083 1966 1301 2023 ratione
1323 1982 1570 2025 necesse
1600 1976 1709 2025 est.

171 2058 290 2114 750
315 2068 463 2109 nunc
486 2051 657 2125 igitur
680 2050 940 2127 quoniam
964 2047 1130 2107 docui
1153 2066 1244 2107 me
1271 2048 1420 2108 forte
1444 2047 1670 2108 leonem

315 2151 556 2193 cernere
585 2150 692 2211 per
712 2131 1008 2193 simulacra
1026 2177 1043 2209 ‚
1069 2131 1272 2193 oculos
1297 2150 1685 2212 quaecumque
1714 2133 2035 2213 lacessunt,

313 2219 466 2278 scire
491 2214 631 2276 licet
652 2226 898 2276 mentem
920 2215 1084 2276 simili
1105 2218 1322 2276 ratione
1346 2220 1561 2277 moveri
1577 2264 1596 2295 .,

312 2320 421 2381 per
443 2299 740 2361 simulacra
768 2299 996 2361 leonem
1019 2309 1077 2361 et
1104 2309 1298 2361 cetera
1324 2319 1466 2380 quae
1489 2302 1645 2362 videt
1669 2319 1850 2381 aeque

316 2403 429 2445 nec
452 2385 634 2445 minus
659 2394 831 2463 atque
855 2383 1042 2462 oculi,
1067 2387 1175 2445 nisi
1201 2384 1352 2464 quod
1376 2404 1541 2463 mage
1565 2387 1752 2446 tenvia
1780 2388 1978 2446 cernit.

177 2477 290 2533 755
314 2488 427 2529 nec
446 2470 666 2528 ratione
696 2469 836 2546 alia,
862 2486 990 2529 cum
1015 2486 1244 2529 somnus
1265 2469 1515 2530 membra
1536 2469 1818 2549 profudit,

315 2571 478 2613 mens
501 2554 667 2612 animi
688 2553 918 2631 vigilat,
947 2554 1054 2613 nisi
1080 2553 1232 2631 quod
1255 2552 1554 2613 simulacra
1577 2551 1868 2612 lacessunt

315 2636 462 2697 haec
485 2636 686 2696 eadem
707 2648 936 2700 nostros
962 2640 1175 2697 animos
1208 2655 1352 2715 quae
1378 2655 1504 2696 cnm
1526 2636 1820 2712 vigilamus
1838 2681 1855 2713 ‚

317 2740 501 2799 usque
532 2719 679 2780 adeo
696 2766 713 2798 ‚
739 2731 900 2781 certe
924 2732 983 2781 ut
1004 2721 1295 2780 videamur
1318 2738 1557 2780 cernere
1580 2739 1705 2779 eum
1739 2738 1904 2798 quem

318 2804 546 2865 rellicta
567 2806 684 2865 vita
704 2808 811 2865 iam
832 2823 984 2865 mors
1007 2814 1066 2865 et
1087 2813 1238 2864 terra
1260 2807 1510 2883 potitast.

181 2896 293 2953 760
319 2888 433 2949 hoc
453 2888 588 2948 ideo
613 2889 733 2949 fieri
763 2893 918 2967 cogit
942 2899 1134 2949 natura
1150 2936 1168 2966 ,
1195 2888 1348 2968 quod
1374 2906 1569 2948 omnes

321 2974 584 3053 corporis
610 2972 806 3034 offecti
832 2992 1038 3035 sensns
1061 2990 1168 3051 per
1188 2973 1440 3034 membra
1463 2973 1765 3051 quiescunt

318 3076 428 3117 nec
453 3066 697 3135 possunt
723 3056 927 3118 falsum
946 3060 1101 3117 veris
1128 3060 1472 3117 convincere
1495 3056 1686 3116 rebus.

320 3150 624 3219 praeterea
645 3143 970 3203 meminisse
989 3144 1139 3201 iacet
1167 3140 1512 3219 languetque
1546 3157 1757 3218 sopore
1776 3184 1796 3218 ,

322 3243 432 3285 nec
457 3225 721 3285 dissentit
745 3243 874 3285 eum
895 3227 1092 3285 mortis
1113 3224 1331 3304 letique
1363 3226 1602 3303 potitum

187 3314 296 3372 765
321 3310 429 3367 iam
450 3308 673 3388 pridem
689 3354 707 3386 ,
739 3327 908 3389 quem
930 3327 1088 3369 mens
1112 3309 1301 3368 vivom
1324 3327 1389 3368 se
1416 3325 1655 3367 cernere
1682 3306 1880 3368 credit.

324 3391 477 3470 quod
502 3401 773 3471 superest
789 3440 806 3470 .,
829 3410 943 3453 non
967 3401 1058 3453 est
1076 3394 1275 3452 mirum
1297 3389 1594 3453 simulacra
1616 3392 1832 3450 moveri

323 3475 707 3555 bracchiaque
729 3477 786 3535 in
809 3493 1098 3537 numerum
1121 3478 1328 3536 iactare
1354 3484 1411 3535 et
1438 3483 1628 3534 cetera
1651 3473 1916 3532 membra.
