2409 3825
1199 158 1226 216 Ι

374 335 645 394 continuo
667 332 782 391 hoc
803 349 956 392 mors
983 343 1074 393 est
1100 332 1253 393 illius
1278 334 1429 412 quod
1453 334 1557 394 fuit
1576 344 1722 395 ante.

370 416 614 497 proinde
639 416 849 495 aliquid
875 434 1149 496 superare
1172 436 1422 478 necesse
1447 427 1540 478 est
1561 418 1845 478 incolume
1869 417 2002 478 ollis
2019 462 2038 495 ‚

371 520 445 561 ne
469 502 569 560 tibi
592 519 687 561 res
711 499 945 560 redeant
968 499 1036 559 ad
1063 501 1237 561 ιιίΙιιιιι
1260 500 1507 562 funditus
1532 519 1732 562 omnes

378 585 451 645 de
475 583 710 664 niloque
733 595 928 645 renata
949 570 1210 661 vigescat
1235 588 1401 664 copia
1422 604 1629 646 rerum.

240 677 352 735 6⁷5
375 688 525 729 nune
546 671 718 746 igitur
737 670 999 747 quoniam
1024 670 1341 730 certissima
1364 687 1607 748 corpora
1636 668 1908 748 quaedam

376 761 539 830 sunt,
574 770 718 831 quae
744 763 1081 812 conservant
1104 763 1353 813 naturam
1378 772 1609 833 semper
1637 752 1872 814 eandem
1888 799 1906 830 ‚

378 854 615 916 quorum
636 836 789 895 abitu
810 846 902 895 aut
924 837 1077 896 aditu
1097 846 1424 915 mutatoque
1448 839 1643 898 ordine
1666 846 1873 898 mutant

378 930 628 979 naturam
648 939 743 981 res
771 931 828 980 et
855 931 1192 981 convertunt
1221 939 1463 1000 corpora
1485 941 1618 982 sese
1638 968 1656 1000 ,

379 1007 533 1064 scire
556 1003 695 1064 licet
715 1021 830 1063 non
852 1024 988 1065 esse
1024 1004 1168 1065 haec
1189 1008 1358 1083 ignea
1382 1023 1625 1085 corpora
1645 1023 1850 1066 rerum

244 1096 359 1151 680
380 1087 459 1148 nil
480 1087 727 1148 referret
752 1090 900 1148 enim
925 1090 1198 1166 quaedam
1223 1090 1546 1167 decedere,
1570 1091 1726 1150 abire
1744 1136 1760 1165 ‚

383 1181 553 1250 atque
576 1171 688 1231 alio
716 1171 957 1232 adtribui
973 1176 1330 1253 ,mutarique
1357 1174 1555 1234 ordine
1586 1174 1856 1253 quaedam
1875 1217 1894 1282 '.

384 1259 433 1316 si
455 1266 642 1316 tamen
667 1257 883 1316 ardoris
906 1266 1154 1317 naturam
1180 1267 1383 1318 cuncta
1400 1268 1690 1319 tenerent:

382 1342 529 1417 ignis
555 1342 702 1399 enim
723 1340 872 1399 foret
897 1342 1230 1402 omnimodis
1255 1343 1652 1421 quodcumque
1679 1350 1954 1402 crearent.

2126 154 2208 220 19

383 1442 614 1501 verum,
642 1433 702 1483 ut
726 1425 961 1501 opinor,
987 1427 1148 1487 itast:
1185 1435 1315 1486 sunt
1340 1426 1611 1504 quaedam
1636 1442 1875 1505 corpora
1893 1470 1912 1501 ‚
1939 1440 2171 1501 quorum

248 1516 360 1571 685
387 1525 701 1568 concursus
724 1518 909 1569 motus
937 1510 1075 1569 ordo
1100 1511 1352 1588 positura
1377 1510 1590 1587 figurae

389 1591 643 1651 efficiunt
664 1593 813 1669 ignis
829 1638 847 1669 ‚
868 1602 1194 1671 mutatoque
1220 1593 1417 1652 ordine
1437 1602 1650 1652 mutant

389 1686 638 1735 naturam
653 1721 670 1752 ‚
696 1694 883 1753 neque
914 1686 1042 1747 sunt
1065 1679 1180 1754 igni
1202 1676 1458 1736 simulata
1479 1695 1668 1753 neque
1691 1675 1790 1735 ulli

388 1767 686 1838 praeterea
707 1762 791 1818 rei
816 1779 961 1838 quae
986 1778 1229 1838 corpora
1252 1763 1475 1820 mittere
1499 1762 1686 1838 possit·

388 1843 653 1903 sensibus
676 1852 733 1903 et
756 1854 984 1905 nostros
1008 1844 1232 1904 adiectu
1255 1854 1491 1922 tangere
1516 1853 1719 1904 tactus.

250 1938 367 1994 690
469 1926 682 2002 Dicere
706 1946 878 2006 porro
901 1932 1091 2007 ignem
1113 1947 1210 1990 res
1236 1931 1414 1989 omnis
1442 1949 1578 1990 esse
1595 1974 1611 2005 ‚
1637 1947 1825 2007 neque
1850 1927 2015 1987 ullam

388 2029 510 2070 rem
530 2029 723 2072 veram
744 2015 798 2071 in
820 2031 1054 2073 numero
1077 2032 1267 2072 rerum
1298 2023 1557 2074 constare
1583 2014 1689 2072 nisi
1714 2016 1901 2089 ignem
1916 2058 1933 2088 ,

391 2094 543 2174 quod
569 2094 704 2157 facit
728 2095 821 2155 hic
845 2097 993 2156 idem
1009 2144 1026 2175 ,
1051 2096 1400 2177 perdelirum
1422 2116 1555 2157 esse
1579 2098 1818 2157 videtur.

390 2197 515 2238 nam
548 2191 741 2241 contra
765 2200 969 2241 sensus
999 2183 1070 2242 ab
1095 2182 1361 2242 sensibus
1384 2182 1511 2260 ipse
1535 2191 1848 2259 repugnat,

393 2272 453 2323 et
474 2262 780 2325 labefactat
802 2283 906 2326 eos
923 2312 942 2342 ,
966 2265 1115 2325 unde
1140 2267 1324 2325 omnia
1348 2265 1564 2327 credita
1585 2264 1868 2343 pendent,

259 2357 370 2411 695
396 2347 543 2406 unde
567 2346 660 2409 hic
685 2351 947 2426 cognitus
973 2359 1064 2410 est
1086 2351 1197 2427 ipsi
1223 2367 1390 2427 quem
1412 2351 1656 2408 nominat
1678 2350 1864 2425 ignem
1884 2354 1896 2406 Ξ

397 2430 578 2491 credit
600 2433 747 2492 enim
771 2450 975 2493 sensus
997 2434 1189 2510 ignem
1215 2450 1576 2510 cognoscere
1598 2450 1738 2491 vere
1753 2477 1771 2508 ‚
1849 2478 1861 2485 .

396 2523 589 2574 cetera
611 2532 724 2575 non
748 2517 927 2577 credit
941 2535 1131 2595 ‚quae
1153 2516 1271 2577 nilo
1296 2516 1446 2576 clara
1470 2517 1650 2575 minus
1676 2525 1822 2576 sunt.

396 2599 549 2678 quod
570 2600 702 2660 mihi
726 2620 853 2661 cum
880 2619 1082 2660 vanum
1108 2610 1223 2660 tum
1246 2599 1496 2660 delirum
1511 2614 1646 2658 e'sse
1669 2598 1918 2657 videtur·

396 2700 510 2762 quo
530 2685 850 2745 referemus
880 2681 1069 2744 enim?
1096 2685 1230 2764 quid
1252 2685 1416 2744 nobis
1448 2683 1657 2741 certius
1682 2683 1821 2759 ipsis

260 2775 369 2832 700
389 2768 652 2829 sensibus
678 2787 812 2829 esse
835 2778 1065 2847 potest,
1091 2770 1186 2846 qui
1205 2786 1344 2828 vera
1365 2785 1433 2827 ac
1457 2764 1600 2825 falsa
1620 2761 1922 2824 notemus?

399 2863 698 2930 praeterea
722 2870 896 2931 quare
926 2854 1221 2930 quisquam
1242 2852 1419 2929 magis
1448 2851 1630 2923 omnia
1650 2848 1812 2909 tollat

397 2943 455 2994 et
476 2937 618 2996 velit
641 2936 856 2996 ardoris
879 2945 1127 2995 naturam
1150 2936 1409 3015 linquere
1434 2920 1648 3010 solam

397 3037 562 3098 quam
583 3030 758 3097 neget
785 3039 921 3082 esse
946 3021 1127 3097 igniS‚
1155 3020 1396 3097 quidvis
1418 3028 1602 3079 tamen
1626 3037 1760 3079 esse
1783 3011 2104 3095 relinquat?

393 3121 574 3181 aequa
596 3104 822 3164 videtur
841 3105 989 3164 enim
1012 3104 1293 3164 dementia
1317 3102 1511 3162 dicere
1534 3111 1850 3179 utrumque.

266 3196 371 3253 ⁷05
480 3190 844 3267 Quapropter
866 3190 961 3267 qui
983 3190 1273 3247 materiem
1297 3204 1484 3247 rerum
1508 3204 1642 3246 esse
1665 3193 1925 3264 putarunt

393 3277 583 3352 ignem
609 3281 779 3350 atque
804 3274 1018 3349 exigui
1042 3288 1311 3331 summam
1342 3271 1661 3329 consistere
1684 3284 1862 3347 posse
1881 3311 1899 3343 ,

395 3367 456 3419 et
482 3358 577 3436 qui
601 3357 938 3434 principium
961 3354 1263 3432 gignundis
1287 3359 1419 3413 aera
1440 3352 1615 3412 rebus

397 3442 787 3516 constituere,
813 3449 906 3499 aut
929 3455 1181 3497 umorem
1205 3437 1549 3514 quicumque
1573 3439 1858 3567 putarunt2
1874 3506 1905 3540 a:
