2409 3825
260 145 343 210 18
1246 147 1269 205 1

430 315 729 390 materies,
757 315 944 374 varios
970 330 1226 373 conexus
1243 359 1259 391 ‚
1287 314 1573 392 pondera,
1601 314 1800 394 plagas
1818 362 1833 393 ,

430 416 744 460 concursus
761 443 779 475 ,
810 406 995 458 motus
1013 443 1031 475 ,
1057 415 1165 476 per
1187 415 1333 477 quae
1357 417 1452 459 res
1480 415 1741 478 quaeque
1765 411 2055 477 geruntur.

300 490 404 546 635
514 481 880 561 Quapropter
906 488 999 560 qui
1024 483 1315 541 materiem
1335 501 1525 545 rerum
1547 501 1682 543 esse
1708 494 1969 562 putarunt

428 568 618 644 ignem
640 575 812 644 atque
838 584 914 625 ex
936 568 1051 643 igni
1076 583 1342 625 summam
1370 569 1689 628 consistere
1712 568 1841 628 solo
1859 615 1875 645 ,

426 667 630 728 magno
656 667 836 729 opere
859 667 891 708 a
914 668 1050 710 vera
1071 648 1217 729 lapsi
1238 652 1456 710 ratione
1481 651 1759 712 videntur.

427 732 751 794 Heraclitus
775 734 878 794 init
900 751 1138 813 quorum
1163 732 1277 793 dux
1300 734 1520 812 proelia
1544 736 1756 814 primus
1774 783 1792 814 ‚

429 818 616 879 clarus
640 818 715 878 ob
740 818 1042 880 obscuram
1065 817 1312 896 linguam
1337 821 1517 918 magis
1539 821 1687 879 inter
1710 822 1886 883 inanis
1978 860 1984 868 ·

298 901 671 1000 64oquamde
691 902 880 979 gravis
903 903 1051 962 inter
1076 901 1275 962 Graios
1292 905 1432 982 ‚qui
1458 921 1594 963 vera
1614 905 1934 982 requirunt:

428 987 611 1046 omnia
634 987 782 1045 enim
805 984 998 1048 stolidi
1018 987 1198 1063 magis
1223 985 1560 1047 admirantur
1587 997 1882 1068 amantque
1900 1036 1915 1065 ,

427 1072 671 1132 inversis
700 1088 845 1148 quae
869 1071 976 1130 sub
1002 1070 1196 1132 verbis
1227 1068 1495 1131 latitantia
1525 1081 1796 1150 cernunt,

426 1172 680 1233 veraque
705 1155 1054 1215 constituunt
1078 1171 1224 1232 quae
1249 1154 1406 1214 belle
1429 1163 1666 1232 tangere
1692 1166 1933 1235 possunt

426 1240 576 1299 auris
600 1247 660 1297 et
681 1236 876 1316 lepido
905 1256 1049 1317 quae
1072 1248 1202 1298 sunt
1226 1238 1414 1298 fucata
1446 1256 1673 1299 sonore.

297 1333 402 1389 645
509 1320 653 1382 Nam
677 1340 778 1381 cur
799 1331 910 1384 tam
932 1324 1122 1382 variae
1142 1341 1237 1382 res
1264 1332 1505 1400 possent
1526 1341 1661 1383 esse
1679 1368 1696 1400 ‚
1721 1325 1951 1403 requiro
1966 1367 1986 1400 ,

428 1425 503 1467 ex
523 1423 635 1465 uno
659 1407 708 1466 si
727 1416 857 1466 sunt
877 1408 995 1484 igni
1018 1423 1280 1485 puroque
1306 1404 1573 1467 creatae?

426 1489 504 1550 nil
529 1489 839 1569 prodesset
864 1492 1011 1551 enim
1036 1488 1279 1550 calidum
1301 1489 1635 1551 denserier
1620 1509 1808 1568 ignem

423 1593 535 1635 nec
557 1574 843 1652 rarefieri,
868 1576 918 1635 si
943 1583 1135 1653 partes
1159 1575 1308 1651 ignis
1334 1574 1571 1635 eandem

424 1667 676 1720 naturam
698 1677 867 1738 quam
884 1667 1036 1719 totus
1059 1657 1254 1718 habet
1247 1677 1433 1737 super
1456 1661 1603 1736 ignis
1628 1660 1919 1719 haberent.

301 1754 406 1809 650
427 1745 614 1804 acrior
635 1741 803 1802 ardor
828 1745 975 1802 enim
1001 1741 1300 1802 conductis
1323 1742 1577 1821 partibus
1603 1752 1796 1820 esset,

426 1825 744 1905 languidior
765 1844 938 1906 porro
964 1826 1221 1887 disiectis
1247 1824 1448 1904 disque
1477 1829 1723 1905 supatis·
1710 1874 1723 1885 .

425 1910 666 1990 amplius
689 1909 803 1971 hoc
829 1913 950 1970 fieri
977 1909 1056 1969 nil
1078 1920 1168 1971 est
1193 1912 1346 1989 quod
1368 1929 1545 1990 posse
1567 1913 1744 1972 rearis

427 1994 634 2057 talibus
656 1997 713 2054 in
737 1996 925 2055 causis
941 2040 958 2072 ,
983 1993 1190 2054 nedum
1215 1997 1481 2055 variantia
1505 2013 1692 2055 rerum

425 2088 577 2139 tanta
599 2087 769 2157 queat
795 2079 1266 2157 densis'rarisque
1292 2097 1369 2138 ex
1390 2079 1614 2156 ignibus
1639 2098 1790 2139 esse.

297 2173 399 2229 655
428 2163 484 2222 id
508 2178 738 2242 quoque
753 2207 772 2239 ‚
797 2164 847 2223 si
869 2161 1075 2223 faciant
1097 2161 1403 2223 admixtum
1428 2164 1601 2223 rebus
1625 2165 1787 2222 inane
1805 2208 1821 2238 ,

427 2247 655 2306 denseri
677 2256 944 2325 poterunt
965 2248 1131 2324 ignes
1154 2248 1379 2325 rarique
1405 2246 1677 2326 relinqui:

407 2328 533 2392 'sed
552 2331 687 2411 quia
708 2329 880 2399 multa
899 2331 1011 2392 sibi
1036 2340 1273 2390 cernunt
1297 2331 1572 2390 contraria
1596 2332 1858 2390 amussim

426 2424 485 2474 et
506 2413 747 2491 fugitant
769 2415 825 2474 in
846 2415 1020 2475 rebus
1044 2417 1208 2475 inane
1232 2414 1559 2493 relinquere
1583 2432 1815 2492 purum,

424 2496 597 2558 ardua
621 2497 750 2557 dum
771 2507 1058 2576 metuunt,
1083 2501 1338 2558 amittunt
1361 2515 1498 2557 vera
1520 2499 1662 2575 viai,

297 2591 404 2646 660
422 2600 534 2642 nec
557 2599 779 2642 rursum
806 2592 1042 2643 cernunt
1066 2592 1336 2661 exempto
1361 2582 1535 2643 rebus
1560 2582 1705 2640 inani

425 2667 609 2726 omnia
633 2665 861 2726 denseri
885 2667 1122 2745 flerique
1149 2685 1226 2725 ex
1248 2665 1505 2725 omnibus
1528 2683 1696 2725 unum

428 2767 638 2829 corpus
655 2795 674 2828 ‚
699 2749 777 2809 nil
798 2750 870 2810 ab
893 2769 959 2811 se
983 2750 1137 2830 quod
1161 2751 1347 2827 possit
1364 2750 1597 2831 mittere
1620 2749 1850 2826 raptim;

424 2834 659 2894 aestifer
680 2836 827 2912 ignis
849 2836 928 2894 uti
951 2832 1139 2892 lumen
1162 2834 1294 2893 iacit
1316 2842 1486 2910 atque
1511 2849 1782 2912 vaporem
1796 2876 1815 2908 ‚

423 2926 487 2977 ut
506 2916 702 2979 videas
725 2936 837 2978 non
861 2937 895 2978 e
917 2918 1138 2997 stipatis
1160 2917 1413 2996 partibus
1438 2935 1592 2977 esse.

298 3010 401 3066 665
424 3000 577 3080 quod
603 3003 654 3061 si
674 3002 824 3062 forte
848 3001 956 3061 alia
983 3000 1223 3061 credunt
1248 3002 1465 3060 ratione
1486 3011 1726 3079 potesse

424 3086 571 3163 ignis
593 3087 648 3144 in
678 3094 847 3145 coetu
871 3087 1079 3165 stingui
1102 3093 1435 3162 mutareque
1461 3102 1669 3164 corpus
1688 3130 1705 3159 ,

424 3169 654 3229 scilicet
671 3213 689 3246 ,
716 3186 792 3228 ex
813 3169 965 3227 nulla
994 3171 1188 3229 facere
1213 3167 1270 3227 id
1298 3171 1348 3228 si
1380 3177 1540 3246 parte
1564 3177 1905 3247 reparcent‚

426 3252 657 3312 occidet
678 3250 747 3311 ad
767 3250 941 3310 nilum
956 3298 972 3330 ‚
1013 3254 1067 3311 ni
1090 3254 1317 3329 mirum,
1344 3251 1591 3313 funditus
1614 3251 1782 3311 ardor

425 3336 606 3395 omnis
628 3343 687 3394 et
709 3353 744 3394 e
765 3334 880 3392 nilo
905 3335 1039 3396 fient
1065 3353 1459 3414 quaecumque
1485 3344 1773 3394 creantur:

296 3429 402 3486 670
428 3435 551 3476 nam
577 3417 974 3496 quodcumque
999 3420 1116 3478 suis
1136 3428 1404 3479 mutatum
1431 3418 1629 3479 linibus
1655 3419 1806 3491 exit,

246 3724 249 3727 .
332 3639 547 3737 2:3³
614 3684 653 3703 ⁴*

654 3740 671 3779 ἶ
