2409 3825
1116 189 1171 250 11

299 371 362 422 et
383 359 554 420 validi
576 357 811 432 silices,
836 373 904 415 ac
929 354 1051 413 duri
1070 358 1278 416 robora
1299 356 1471 436 ferri,

164 457 278 510 150
306 461 558 522 aeraque
591 459 751 520 quae
765 438 1026 500 claustris
1044 442 1315 500 restantia
1337 441 1737 502 vociferantur.

299 528 401 588 illa
427 526 656 606 quidem
680 522 893 584 debent
917 541 952 583 e
972 521 1195 584 levibus
1228 532 1397 603 atque
1420 524 1674 586 rutundis

304 630 444 673 esse
464 610 682 687 magis,
706 604 917 668 fluvido
941 625 1086 685 quae
1116 624 1360 686 corpore
1384 609 1594 687 liquida
1622 622 1900 672 constant.

304 711 550 774 namque
572 693 875 773 papaveris
906 689 1141 752 haustus
1161 693 1353 754 itemst
1375 692 1559 753 facilis
1583 696 1742 772 quasi
1767 713 2033 775 aquarum

304 797 420 839 nec
446 779 762 839 retinentur
781 775 930 836 enim
949 776 1099 835 inter
1121 794 1189 836 se
1209 774 1610 852 glomeramina
1642 796 1902 858 quaeque
1918 826 1935 859 ‚

165 875 278 929 455
310 871 373 923 et
392 878 704 941 procursus
726 861 862 919 item
888 858 1151 937 proclive
1179 859 1447 920 volubilis
1470 870 1672 921 exstat.
1809 926 1818 935 ⁸

309 949 494 1007 omnia
521 954 815 1024 postremo
840 959 986 1021 quae
1007 952 1224 1022 puncto
1244 952 1504 1022 tempore
1529 947 1717 1005 cernis

310 1030 625 1106 diffugere,
658 1037 720 1087 ut
744 1026 954 1086 fumum
974 1026 1214 1086 nebulas
1237 1025 1632 1108 flammasque,
1658 1041 1999 1110 necessest,

310 1116 362 1174 si
383 1116 564 1173 minus
589 1110 835 1172 omnibu'
859 1119 990 1171 sunt
1014 1129 1049 1169 e
1071 1109 1297 1171 levibus
1321 1121 1492 1191 atque
1514 1113 1770 1173 rutundis
1785 1159 1803 1191 ,

308 1206 367 1256 at
387 1214 500 1257 non
522 1214 660 1256 esse
682 1204 869 1255 tamen
888 1194 1183 1274 perplexis
1210 1195 1535 1274 indupedita
1550 1241 1568 1273 ,

169 1292 288 1347 460
307 1298 568 1360 pungere
590 1280 670 1339 uti
693 1280 918 1358 possint
941 1295 1151 1357 corpus
1177 1290 1597 1359 penetrareque
1618 1299 1753 1341 sese
1771 1327 1789 1358 ,

307 1383 420 1425 nec
446 1375 634 1439 tamen
657 1362 899 1423 haerere
923 1365 1071 1422 inter
1091 1382 1158 1425 se
1183 1363 1336 1442 quod
1363 1382 1603 1442 cumque
1624 1363 1881 1425 videmus

308 1450 497 1509 ventis
525 1465 662 1508 esse
684 1444 870 1506 datum
885 1492 904 1526 ,
929 1446 1100 1508 facile
1123 1456 1186 1507 ut
1214 1464 1576 1525 cognoscere
1599 1451 1792 1528 possis

308 1550 425 1592 non
451 1551 484 1591 e
513 1529 812 1611 perplexis
836 1530 940 1591 sed
963 1533 1146 1591 acutis
1171 1550 1306 1592 esse
1336 1530 1654 1593 elementis.

309 1615 416 1677 sed
446 1613 598 1694 quod
621 1632 805 1674 amara
826 1613 989 1675 vides
1013 1613 1213 1674 eadem
1240 1633 1385 1693 quae
1411 1614 1617 1676 fluvida
1648 1624 1939 1693 constant,

171 1711 285 1766 465
314 1699 490 1760 sudor
516 1701 596 1760 uti
615 1701 783 1758 maris
815 1698 942 1776 est,
965 1700 1189 1760 minime
1213 1698 1468 1759 mirabile
1495 1698 1667 1758 debet

308 1884 437 1928 nam
461 1865 613 1946 quod
638 1864 878 1927 fluvidus
903 1876 1025 1945 est,
1050 1886 1085 1927 e
1109 1865 1335 1928 levibus
1355 1874 1524 1946 atque
1549 1864 1801 1928 rutundis

315 1962 432 2028 est,
458 1958 520 2011 et
542 1952 837 2029 squalida
859 1959 1003 2011 sunt
1019 1950 1142 2012 illis
1159 1951 1403 2011 admixta
1425 1948 1640 2011 doloris

315 2052 577 2114 corpora.
616 2053 728 2095 nec
749 2045 938 2096 tamen
959 2034 1106 2095 haec
1125 2037 1359 2095 retineri
1379 2034 1597 2095 hamata
1615 2047 2009 2099 necessumst:

310 2118 542 2180 scilicet
565 2137 698 2179 esse
725 2118 971 2196 globosa
994 2128 1214 2197 tamen,
1247 2136 1374 2179 cum
1405 2119 1660 2199 squalida
1687 2130 1990 2200 constent,

169 2212 289 2270 470
316 2202 584 2283 provolvi
607 2203 772 2263 simul
800 2212 862 2263 ut
888 2205 1112 2283 possint
1141 2213 1201 2264 et
1223 2202 1456 2264 laedere
1478 2222 1703 2264 sensus.

310 2296 372 2348 et
399 2304 515 2365 quo
541 2288 713 2347 mixta
732 2297 904 2366 putes
926 2288 1106 2365 magis
1133 2306 1340 2367 aspera
1361 2286 1585 2348 levibus
1611 2305 1747 2348 esse

313 2372 642 2472 principiis,
669 2372 818 2431 unde
844 2380 938 2432 est
957 2369 1209 2450 Neptuni
1232 2363 1443 2450 corpus
1469 2373 1771 2451 acerbum,

313 2464 404 2515 est
425 2457 569 2515 ratio
596 2455 937 2518 secernendi
961 2472 1338 2535 seorsumque
1363 2456 1622 2516 videndi:

311 2538 513 2616 linquit
537 2540 685 2599 enim
706 2557 917 2619 supera
942 2542 1106 2599 taetri
1127 2538 1429 2619 primordia
1456 2542 1562 2599 viri

168 2631 286 2688 475
312 2640 476 2682 umor
496 2621 712 2703 dulcis,
736 2623 832 2683 uhi
855 2641 962 2703 per
989 2633 1170 2685 terras
1194 2624 1451 2683 crebrius
1478 2623 1627 2682 idem

311 2704 673 2785 percolatur,
696 2708 836 2768 utin
862 2706 1087 2767 foveam
1110 2706 1247 2768 fluat
1266 2725 1335 2767 ac
1357 2715 1754 2783 mansuescat,

310 2808 514 2871 aspera
532 2795 651 2869 'quo
672 2792 854 2869 magis
875 2791 932 2850 in
955 2792 1124 2852 terris
1146 2791 1494 2860 haerescere
1515 2792 1755 2869 possint.

396 2873 564 2948 Quod
589 2878 850 2953 quoniam
870 2873 1041 2935 docui
1055 2893 1339 2955 ,pergam
1363 2884 1673 2936 conectere
1702 2891 1823 2934 rem
1848 2892 1994 2953 quae

311 2977 388 3019 ex
408 2958 523 3019 hoc
544 2968 676 3059 apta
704 2959 873 3019 fldem
898 2957 1065 3019 ducat
1080 2959 1429 3038 ,primordia
1450 2978 1639 3025 rerum
1727 2989 1737 3000 =

172 3051 289 3107 480
312 3043 465 3103 linita
488 3045 708 3103 variare
732 3044 1033 3143 figurarum
1062 3045 1297 3104 ratione.

313 3125 467 3205 quod
494 3128 677 3187 sinon
699 3128 776 3187 ita
798 3128 907 3206 sit,
930 3145 1153 3188 rursum
1173 3130 1284 3187 iam
1302 3127 1515 3189 semina
1541 3125 1813 3206 quaedam

310 3230 448 3272 esse
470 3212 685 3271 infinito
714 3209 1005 3272 debebunt
1033 3213 1293 3291 corporis
1314 3221 1500 3272 auctu.

308 3312 552 3375 namque
582 3294 784 3357 eadem
805 3297 969 3357 nnius
996 3297 1246 3356 cuiusvis
1269 3296 1326 3354 in
1356 3296 1634 3355 brevitate

309 3380 572 3460 corporis
598 3381 751 3440 inter
770 3399 836 3441 se
859 3377 1093 3439 multum
1113 3379 1331 3439 variare
1360 3378 1573 3457 lig-urae

163 3471 278 3528 485
301 3481 416 3524 non
438 3472 702 3544 possunt.
728 3463 820 3523 fac
849 3464 999 3524 enim
1018 3462 1258 3522 minimis
1283 3480 1316 3521 e
1341 3462 1595 3540 partibus
1624 3475 1762 3519 esse
