2409 3825
1141 177 1222 237 111
2098 181 2187 248 60

200 351 308 406 245
334 342 660 404 sensiferos
681 351 869 403 motus
897 361 1041 422 quae
1067 343 1204 404 didit
1230 346 1408 424 prima
1430 364 1540 425 per
1567 357 1741 410 artus.

330 430 515 507 prima
539 429 724 487 cietur
752 429 900 487 enim
918 474 935 505 ,
960 431 1150 506 parvis
1175 429 1441 507 perfecta
1464 431 1687 509 figuris:

329 512 467 572 inde
493 510 654 572 calor
675 519 863 573 motus
892 520 951 572 et
971 514 1128 573 venti
1154 530 1329 574 caeca
1353 524 1614 593 potestas

330 597 579 675 accipit,
603 595 737 657 inde
758 602 888 656 aer:
912 596 1044 656 inde
1067 598 1250 657 omnia
1272 598 1657 659 mobilitantur
1672 647 1689 678 ,

333 682 663 741 concutitur
682 683 914 758 sanguis
934 727 950 758 ,
975 688 1093 740 tum
1117 683 1345 742 viscera
1366 686 1792 762 persentiscunt

196 773 306 827 250
329 766 516 824 omnia
531 810 549 843 ,
574 766 883 844 postremis
907 763 1072 825 datur
1096 766 1328 826 ossibus
1353 775 1526 847 atque
1548 768 1814 830 medullis

331 850 458 910 sive
481 848 747 929 voluptas
774 858 864 910 est
889 851 1015 910 sive
1047 860 1138 911 est
1162 854 1475 914 contrarius
1499 853 1681 914 ardor.

329 952 443 994 nec
466 942 685 994 temere
710 933 823 994 huc
847 933 1013 994 dolor
1034 953 1222 1013 usque
1252 942 1444 1014 potest
1468 946 1770 1016 penetrare
1808 958 1997 1020 neque
2037 961 2175 1005 acre

328 1034 664 1097 permanare
687 1018 925 1096 malum,
954 1021 1088 1098 quin
1112 1020 1296 1079 omnia
1324 1021 1725 1100 perturbentur

330 1120 517 1181 usque
539 1103 685 1164 adeo
713 1112 779 1164 ul
801 1103 951 1163 vitae
979 1103 1127 1164 desit
1152 1103 1320 1166 locus
1342 1113 1514 1183 atque
1543 1109 1741 1168 animai

195 1196 303 1251 255
336 1187 633 1265 diffugiant
654 1197 850 1267 partes
874 1206 983 1267 per
1006 1187 1198 1249 caulas
1233 1191 1494 1267 corporis
1526 1193 1725 1252 omnis.

329 1271 438 1334 sed
463 1271 803 1351 plerumque
828 1273 888 1333 fit
912 1275 968 1332 in
993 1291 1212 1333 summo
1237 1276 1402 1352 quasi
1422 1292 1669 1354 corpore
1692 1277 1817 1337 finis

332 1356 616 1417 motibus:
640 1356 786 1417 hanc
811 1358 887 1417 ob
911 1376 1035 1417 rem
1059 1359 1232 1418 vitam
1254 1360 1505 1418 retinere
1531 1359 1803 1422 valemus.

414 1440 583 1502 Nunc
608 1460 677 1502 ea
701 1459 815 1521 quo
840 1452 1012 1521 pacto
1037 1444 1185 1502 inter
1212 1462 1349 1504 sese
1371 1444 1545 1503 mixta
1569 1445 1889 1525 quibusque

332 1537 561 1605 compta
581 1525 764 1586 modis
787 1528 1019 1604 vigeant
1040 1529 1316 1588 rationem
1336 1526 1580 1588 reddere
1606 1540 1866 1590 aventem

196 1621 307 1676 260
335 1609 611 1672 abstrahit
635 1612 869 1671 invitum
890 1613 1057 1691 patrii
1081 1613 1364 1673 sermonis
1391 1622 1655 1690 egestas:

333 1694 440 1757 sed
462 1705 651 1756 tamen
666 1741 684 1773 ‚
715 1706 777 1756 ut
799 1705 1008 1775 potero
1029 1698 1344 1757 summatim
1368 1699 1647 1773 attingere
1665 1742 1682 1773 ‚
1709 1707 1948 1776 tangam.

330 1783 479 1840 inter
501 1782 651 1840 enim
681 1788 911 1842 cursant
940 1780 1244 1860 primordia
1269 1781 1673 1860 principiorum

326 1865 575 1927 motibus
597 1866 746 1928 inter
767 1885 865 1944 se,
890 1865 966 1926 nil
992 1875 1051 1926 ut
1075 1867 1373 1927 secernier
1393 1883 1562 1926 unum

330 1951 517 2029 possit
544 1968 657 2011 nec
681 1952 868 2030 spatio
893 1952 1015 2011 fieri
1039 1950 1219 2011 divisa
1243 1960 1501 2030 potestas
1519 1997 1536 2027 ‚

196 2044 302 2099 265
327 2035 434 2095 sed
455 2036 618 2113 quasi
646 2034 855 2096 multae
879 2038 966 2095 vis
990 2037 1154 2095 unius
1181 2038 1443 2116 corporis
1467 2045 1677 2097 extant.

333 2119 489 2198 quod
510 2138 695 2197 genus
718 2121 774 2178 in
799 2123 1003 2198 quovis
1027 2122 1363 2181 animantum
1386 2122 1614 2181 viscere
1638 2119 1814 2199 volgo

331 2212 424 2265 est
448 2203 592 2264 odor
614 2213 673 2265 et
702 2204 924 2283 quidam
950 2204 1109 2265 calor
1132 2213 1190 2264 et
1215 2224 1418 2285 sapor,
1451 2215 1509 2266 et
1531 2214 1718 2265 tamen
1742 2225 1817 2266 ex
1837 2204 1927 2267 his

331 2288 593 2350 omnibus
618 2298 709 2349 est
730 2308 900 2349 unum
924 2288 1246 2369 perfectum
1270 2291 1530 2369 corporis
1556 2307 1816 2367 augmen.

329 2375 418 2434 sic
444 2369 607 2432 calor
636 2382 808 2451 atque
839 2381 941 2434 aer
970 2384 1030 2435 et
1051 2376 1207 2434 venti
1231 2393 1407 2435 caeca
1432 2383 1690 2455 potestas

193 2463 304 2519 270
332 2459 506 2516 mixta
528 2466 723 2517 creant
753 2476 916 2519 unam
936 2467 1220 2536 naturam,
1245 2468 1303 2519 et
1326 2457 1553 2519 mobilis
1576 2458 1671 2517 illa

333 2543 455 2618 vis,
482 2543 679 2600 initum
699 2552 887 2602 motus
911 2543 980 2602 ab
1007 2562 1073 2604 se
1098 2561 1246 2622 quae
1272 2542 1469 2603 dividit
1491 2541 1622 2603 ollis
1640 2588 1657 2619 ,

331 2625 583 2686 sensifer
604 2625 754 2685 unde
778 2627 956 2687 oritur
981 2630 1224 2706 primum
1246 2645 1352 2706 per
1372 2629 1599 2685 viscera
1620 2636 1825 2687 motus.

330 2727 459 2769 nam
479 2712 711 2790 penitus
735 2729 999 2790 prorsum
1026 2710 1166 2772 latet
1192 2710 1339 2771 haec
1369 2719 1565 2770 natura
1593 2710 1944 2790 subestque,

331 2812 445 2854 nec
467 2796 647 2872 magis
670 2793 778 2856 bac
800 2795 944 2856 infra
968 2798 1271 2875 quicquam
1291 2806 1382 2857 est
1406 2797 1463 2854 in
1491 2811 1737 2874 corpore
1767 2803 1964 2856 nostro
1981 2840 2001 2872 ‚

203 2884 306 2940 275
327 2887 499 2956 atque
528 2880 705 2939 anima
727 2889 819 2941 est
840 2881 1055 2941 animae
1084 2897 1369 2960 proporro
1392 2880 1566 2940 totius
1594 2880 1735 2959 ipsa.

332 2961 489 3042 quod
516 2980 702 3041 genus
732 2964 788 3025 in
810 2966 1021 3026 nostris
1050 2965 1319 3027 membris
1346 2975 1404 3025 et
1436 2981 1682 3044 corpore
1713 2973 1836 3025 toto
1929 3013 1945 3030 .

330 3050 504 3108 mixta
526 3046 711 3109 latens
733 3050 898 3109 animi
921 3050 1009 3109 vis
1039 3059 1130 3111 est
1157 3052 1490 3129 animaeque
1513 3058 1773 3129 potestas
1789 3094 1808 3128 ,

334 3132 676 3210 corporibus
701 3135 830 3212 quia
862 3133 932 3194 de
955 3135 1147 3213 parvis
1176 3136 1491 3213 paucisque
1517 3142 1779 3195 creatast.

330 3217 416 3277 sic
438 3217 542 3277 tibi
569 3219 809 3279 nominis
834 3217 978 3280 haec
1003 3236 1217 3298 expers
1245 3221 1333 3279 vis
1348 3264 1366 3296 ‚
1394 3218 1542 3278 facta
1563 3219 1789 3280 minutIs

199 3308 308 3363 280
331 3301 674 3382 corporibus
691 3347 709 3379 ‚
738 3300 879 3364 latet
900 3312 1072 3382 atque
1095 3305 1311 3363 animae
1337 3304 1497 3381 quasi
1521 3304 1693 3362 totius
1716 3304 1845 3379 ipsa

330 3395 672 3465 proporrost
699 3388 881 3447 anima
903 3396 962 3447 et
984 3386 1298 3446 dominatur
1319 3403 1566 3464 corpore
1589 3393 1730 3446 toto.

331 3468 615 3531 consimili
642 3472 863 3531 ratione
893 3479 1201 3531 necessest
1223 3481 1427 3530 ventus
1452 3479 1511 3529 et
1535 3476 1638 3529 aer
