2409 3825
1154 165 1235 228 w
1912 233 1919 239 .
2076 173 2200 238 167

363 338 613 396 currenti
637 336 876 415 spatium
905 345 1293 414 praemonstra
1310 381 1326 412 ‚
1353 335 1555 395 callida
1583 355 1742 398 musa

367 417 629 499 Calliope
644 464 663 497 ,
686 423 919 497 requies
939 421 1223 480 hominum
1247 418 1546 498 divomque
1572 420 1837 499 voluptas
1855 467 1873 498 ‚

262 512 337 565 95
366 513 426 563 te
458 503 605 563 duce
628 512 688 563 ut
710 505 913 581 insigni
938 505 1154 582 capiam
1186 520 1315 562 cum
1336 502 1505 563 laude
1529 521 1813 564 coronam.

451 586 738 665 Principio
759 589 967 649 tonitru
992 589 1312 666 quatiuntur
1336 587 1563 647 caerula
1587 587 1734 648 caeli

369 681 676 749 propterea
701 673 830 748 quia
853 681 1195 732 concurrunt
1219 670 1460 731 sublime
1484 671 1747 732 volantes

368 754 659 816 aetheriae
679 756 862 816 nubes
888 766 1084 816 contra
1107 755 1471 835 pugnantibu'
1492 758 1698 817 ventis.

372 857 482 897 nec
506 839 565 897 lit
590 840 736 898 enim
762 841 982 901 sonitus
1007 839 1151 901 caeli
1176 838 1249 899 de
1274 848 1435 917 parte
1457 857 1694 917 serena,

233 931 347 984 loo
372 940 566 981 verum
590 923 932 1001 ubicumque
954 924 1134 1000 magis
1161 922 1341 983 denso
1371 933 1500 983 sunt
1522 926 1745 1001 agmine
1771 925 1952 985 nubes
1969 971 1987 1002 ,

370 1015 482 1065 tam
504 1007 681 1083 magis
705 1005 836 1067 hinc
857 1025 1063 1084 magno
1083 1007 1339 1067 fremitus
1364 1008 1423 1066 lit
1444 1025 1723 1068 murmure
1753 1026 1948 1086 saepe.

374 1099 668 1168 praeterea
689 1108 878 1168 neque
902 1101 1013 1151 tam
1040 1090 1332 1151 condenso
1359 1108 1605 1169 corpore
1631 1092 1815 1152 nubes

376 1192 509 1233 esse
534 1183 748 1251 queunt
773 1192 938 1252 qnam
958 1174 1335 1253 suntlapides
1358 1192 1426 1234 ac
1449 1176 1602 1253 tigna
1617 1220 1635 1253 ‚
1661 1194 1850 1252 neque
1871 1187 2058 1237 antem

375 1265 485 1316 tam
507 1265 710 1318 tenues
738 1277 900 1335 quam
923 1268 1053 1318 sunt
1075 1257 1320 1318 nebulae
1344 1258 1594 1337 fumique
1615 1258 1907 1321 volantes:

232 1349 343 1402 105
373 1358 498 1399 nam
521 1339 728 1401 cadere
751 1342 823 1401 ab
845 1344 1011 1402 bruto
1034 1342 1313 1404 deberent
1342 1341 1598 1420 pondere
1628 1361 1867 1420 pressae

362 1432 432 1482 ut
454 1422 707 1502 lapides,
731 1435 825 1485 aut
847 1436 907 1485 ut
930 1426 1115 1486 fumus
1148 1434 1415 1485 constare
1442 1427 1741 1503 nequirent

372 1526 483 1567 nec
506 1507 776 1569 cohibere
799 1510 960 1569 nives
984 1508 1208 1587 gelidas
1230 1519 1288 1569 et
1309 1508 1594 1585 grandinis
1617 1510 1828 1569 imbris.

374 1590 503 1650 dant
528 1592 693 1654 etiam
716 1594 959 1653 sonitum
980 1592 1171 1672 patuli
1187 1610 1365 1672 super
1386 1610 1634 1671 aequora
1654 1592 1841 1653 mundi
1860 1639 1877 1669 ‚

376 1675 645 1736 carbasus
668 1685 729 1734 ut
753 1676 1032 1755 quondam
1053 1679 1270 1754 magnis
1299 1677 1511 1736 intenta
1532 1675 1767 1737 theatris

233 1769 347 1820 110
377 1756 470 1818 dat
496 1760 772 1837 crepitum
794 1760 972 1821 malos
997 1760 1143 1821 inter
1171 1762 1372 1821 iactata
1392 1759 1697 1837 trabesque
1714 1806 1730 1835 ‚

372 1841 649 1902 interdum
667 1846 959 1923 perscissa
982 1843 1116 1903 furit
1135 1843 1519 1924 petulantibus
1542 1845 1691 1904 auris

377 1936 434 1987 et
458 1925 674 2004 fragilis
704 1930 935 1989 sonitus
964 1928 1278 1989 chartarum
1307 1928 1761 1989 commeditatur:

372 2010 428 2069 id
453 2028 680 2089 quoque
703 2013 851 2071 enim
871 2030 1055 2089 genus
1085 2013 1140 2072 in
1162 2014 1373 2073 tonitru
1403 2029 1763 2091 cognoscere
1786 2015 1978 2093 possis
1996 2061 2013 2091 ‚

374 2103 468 2153 aut
490 2094 583 2154 ubi
607 2113 944 2174 suspensam
964 2106 1190 2156 vestem
1221 2097 1514 2157 chartasve
1536 2095 1780 2156 volantis

235 2187 350 2240 115
379 2174 717 2238 verberibus
738 2181 894 2239 venti
915 2190 1143 2240 versant
1166 2180 1555 2259 planguntque
1576 2198 1683 2260 per
1704 2198 1884 2239 auras.

374 2262 434 2322 fit
455 2280 682 2341 quoque
713 2264 857 2322 enim
882 2263 1157 2323 interdum
1177 2274 1243 2324 ut
1267 2281 1376 2324 non
1405 2273 1516 2323 tam
1539 2280 1880 2324 concurrere
1905 2264 2089 2325 nubes

302 2408 313 2418 ,
372 2344 650 2407 frontibus
673 2346 927 2407 adversis
957 2349 1178 2426 possint
1211 2366 1374 2426 quam
1397 2346 1468 2407 de
1491 2347 1670 2407 latere
1702 2349 1783 2407 ire

374 2429 603 2489 dIverso
625 2440 775 2490 motu
806 2430 1074 2491 radentes
1098 2449 1340 2510 corpora
1362 2433 1581 2491 tractim
1596 2477 1614 2507 ‚

373 2512 559 2572 aridus
587 2513 736 2573 unde
766 2516 916 2575 auris
937 2525 1128 2592 terget
1151 2533 1325 2576 sonus
1357 2513 1454 2574 ille
1481 2515 1689 2592 diuque

238 2606 350 2658 120
369 2595 601 2676 ‘ducitur
620 2642 637 2674 ‚
662 2599 923 2658 exierunt
944 2596 1131 2658 donec
1160 2600 1490 2676 regionibus
1514 2600 1667 2658 artis.

457 2678 585 2740 Hoc
614 2682 779 2741 etiam
805 2691 974 2760 pacto
996 2684 1202 2743 tonitru
1228 2699 1507 2742 concussa
1526 2682 1787 2744 videntur

374 2764 557 2823 omnia
581 2782 756 2843 saepe
784 2767 1209 2842 gravitremere
1234 2775 1293 2825 et
1315 2763 1533 2825 divolsa
1555 2776 1795 2844 repente

372 2848 607 2905 maxima
631 2846 946 2911 dissiluisse
971 2852 1198 2928 capacis
1221 2851 1442 2910 moenia
1477 2847 1662 2908 mundi
1678 2895 1695 2925 ‚

375 2932 709 2992 cumaesubito
735 2932 903 2992 validi
927 2936 1080 2994 venti
1100 2933 1363 2994 conlecta
1390 2931 1647 3010 procella

239 3023 346 3076 125
375 3014 618 3074 nubibus
641 3017 863 3076 intorsit
886 3036 1021 3077 sese
1036 3064 1054 3095 ‚
1085 3017 1474 3095 conclusaque
1497 3015 1706 3076 ibidem

372 3099 597 3158 turbine
619 3101 868 3161 versanti
890 3103 1069 3178 magis
1099 3120 1166 3161 ac
1193 3103 1372 3178 magis
1397 3101 1645 3177 undique
1674 3099 1881 3159 nubem

375 3184 532 3260 cogit
556 3184 635 3243 uti
659 3185 751 3244 liat
772 3187 963 3264 spisso
988 3203 1126 3246 cava
1150 3202 1396 3264 corpore
1421 3187 1665 3261 circum,

371 3276 506 3344 post
534 3267 630 3326 ubi
660 3271 965 3328 conminuit
986 3271 1073 3330 vis
1097 3271 1220 3329 eius
1247 3279 1305 3328 et
1328 3271 1570 3348 impetus
1593 3286 1760 3344 acer,

372 3358 489 3408 tum
511 3355 936 3431 perterricrepo
964 3356 1152 3414 sonitu
1178 3352 1270 3412 dat
1299 3354 1481 3413 scissa
1496 3352 1805 3427 [fragorem.

240 3441 348 3511 130
372 3451 481 3493 nec
510 3436 707 3495 mirum
723 3482 741 3513 ‚
776 3455 904 3497 cum
925 3435 1094 3517 plena
1114 3437 1327 3496 animae
1353 3433 1646 3495 vensicula
1669 3452 1844 3514 parva
