2409 3825
23 3443 26 3470 -
22 2837 39 3354 ἡη-...ΜἮῺΚΨᾚΑΫ

436 988 550 1105 Q.
634 988 1196 1089 VALERII
1282 988 1847 1089 OATVLLI

994 1178 1300 1238 LIBER.

1116 1394 1177 1472 Ι.

353 1509 540 1610 Quoi
582 1525 751 1590 dono
794 1525 1077 1611 lepidum
1118 1548 1357 1595 novom
1398 1527 1685 1592 libellum

355 1609 558 1673 Arida
598 1610 789 1675 modo
833 1610 1085 1694 pumice
1130 1611 1524 1694 expolitum?

354 1692 644 1776 Corneli,
687 1694 838 1759 tibi:
881 1715 1160 1778 namque
1201 1699 1276 1759 tu
1318 1695 1571 1760 solebas
1703 1751 1709 1756 .

355 1777 535 1842 Meas
577 1798 717 1843 esse
759 1778 998 1862 aliquid
1039 1782 1266 1863 putare
1306 1800 1547 1865 nugae,

355 1860 495 1927 Iam
535 1865 675 1927 tum
717 1882 861 1927 cum
905 1883 1095 1928 ausus
1139 1884 1205 1929 es
1249 1885 1414 1928 unus
1456 1862 1764 1929 Italorum

354 1946 563 2010 Omne
606 1968 831 2011 aevum
872 1947 1077 2012 tribus
1123 1948 1441 2032 explicare
1485 1948 1723 2013 chartis

356 2028 581 2095 Doctis
592 2079 611 2112 ‚
655 2030 972 2115 Iuppiter,
1019 2034 1084 2096 et
1124 2032 1482 2098 laboriosiS.

354 2114 566 2189 Quare
607 2114 774 2179 habe
815 2114 936 2179 tibi
980 2114 1286 2201 quidquid
1327 2116 1453 2181 hoc
1494 2115 1726 2199 libelli,

354 2198 825 2282 Qualecumque
833 2247 855 2279 ,
901 2200 1068 2282 quod
1112 2222 1150 2265 o
1192 2202 1467 2285 passrona
1507 2200 1722 2286 virge,

357 2281 510 2347 Plus
552 2303 682 2347 uno
725 2287 984 2348 maneat
1023 2305 1303 2368 perenne
1348 2285 1578 2350 saeclo.

1096 2498 1189 2571 Π.

358 2619 613 2703 Passer,
658 2619 922 2685 deliciae
963 2642 1142 2684 meae
1183 2621 1463 2718 puellae,

357 2703 629 2779 Quicum
671 2704 887 2769 ludere
964 2726 1153 2789 quem
1195 2727 1266 2769 111
1310 2706 1455 2769 sinu
1497 2708 1715 2771 ienere
1728 2752 1751 2790 ,

357 2788 525 2863 Quoi
566 2788 842 2872 primum
884 2754 1158 2873 ‹ligitum
1199 2789 1349 2854 dare
1393 2789 1721 2874 adpetenti

358 2871 448 2935 Et
489 2873 652 2937 acris
698 2872 861 2936 solet
901 2873 1168 2938 incitare
1209 2894 1489 2959 morene,

356 2955 524 3021 Oum
568 2956 879 3021 desiderio
922 2978 1065 3022 meo
1109 2957 1344 3022 nihenti

278 3072 281 3075 ⁴
356 3039 591 3106 Garum
634 3040 1007 3125 nescioquid
1049 3041 1210 3106 libet
1250 3042 1448 3107 iocari

357 3123 451 3188 Vt
493 3125 866 3190 solaciolum
909 3125 1009 3191 sui
1051 3125 1290 3191 doloris
1300 3176 1319 3210 ,

356 3207 566 3274 Credo
609 3212 682 3274 ut
720 3209 852 3274 iam
893 3210 1108 3294 gravis
1153 3211 1514 3294 acquiescat
1555 3212 1774 3278 ardor:

358 3291 597 3357 Tecum
640 3293 857 3359 ludere
895 3296 1065 3359 ‘sicut
1104 3293 1248 3379 ipsa
1289 3315 1546 3379 possem

357 3375 448 3441 Et
487 3377 692 3443 tristis
736 3377 936 3443 animi
978 3380 1188 3443 levare
1235 3382 1442 3444 curas!

840 3489 877 3529 *
1083 3487 1123 3529 *
1330 3488 1369 3529 *

291 3563 550 3608 cumn.
1788 3567 1814 3615 1

1946 2287 2121 2347 '10

2057 3391 2123 3440 10
