2409 3825
333 107 411 168 16
1179 118 1406 167 mensu

332 258 648 319 Contentus
692 274 979 337 perages,
1028 256 1079 316 si
1119 258 1322 315 vivere
1368 273 1494 314 cum
1539 255 1681 316 Iove
1726 257 1943 319 tendis!
1973 293 2058 306 —-

328 342 445 402 Iam
491 343 686 419 pueris
728 340 943 419 pellem
989 340 1318 399 succinctus
1365 348 1423 397 et
1469 340 1867 417 oenophorum
1913 351 2115 419 aptas:
2201 356 2301 408 140
2365 381 2366 402 η

332 423 508 484 Ocius
550 425 620 485 ad
665 422 918 483 naveml-
948 423 1088 483 nihil
1135 422 1358 497 obstat,
1405 424 1538 499 quin
1582 423 1745 483 trabe
1792 434 1957 485 vasta

331 509 649 585 Aegaeum⁴
676 508 904 585 rapias,
949 506 1057 564 nisi
1099 505 1312 564 sollers
1351 504 1596 566 Luxuria
1647 516 1778 566 ante

332 591 644 651 Seductum
692 596 947 648 moneat:
1006 587 1134 660 Quo
1185 587 1424 663 deinde,
1472 589 1701 665 insane,
1749 588 1909 650 ruis?
1953 591 2128 670 quo?

334 673 483 748 Quid
529 673 631 732 tibi
672 670 800 733 vis?
845 669 1032 730 calido
1076 671 1183 730 sub
1227 680 1472 748 pectore
1513 672 1765 732 mascula
1809 672 1943 734 bilis
2365 689 2366 714 ¹

330 758 625 831 Intumuit,
673 774 840 835 quam
884 771 997 813 non
1042 755 1384 813 exstinxerit
1426 772 1565 813 urna
1611 753 1876 815 cicutae?
2199 770 2294 823 145
2364 743 2366 824 1

331 831 467 899 Tun’
511 858 668 898 mare
711 834 1049 898 transilias?
1079 837 1181 896 tibi
1223 846 1373 896 torta
1419 838 1674 897 cannabe
1718 838 1861 897 fulto
2365 837 2366 844 ’

331 923 527 983 Coena
574 924 647 981 sit
689 923 746 981 in
794 928 1074 995 transtr0,
1119 920 1616 999 Veientanumque
1661 922 1942 982 rubellum

330 1005 578 1066 Exhalet
619 1006 825 1082 vapida
868 1004 1091 1063 laesum
1136 1004 1269 1081 pice
1314 1005 1539 1064 sessilis
1583 1002 1775 1063 obba?

332 1088 480 1161 Quid
529 1086 721 1166 petis?
766 1096 827 1145 ut
870 1104 1161 1161 nummos,
1209 1103 1378 1164 quos„
1403 1086 1496 1146 hic
1541 1090 1860 1164 quincunce
1906 1090 2187 1151 modesto

330 1172 662 1249 Nutrieras,
708 1178 989 1248 peragant
1034 1170 1201 1229 avido
1249 1169 1461 1229 sudore
1510 1169 1804 1229 deunces?
2194 1187 2296 1238 150

329 1254 572 1332 Indulge
614 1255 822 1331 genio,
876 1270 1178 1331 carpamus
1224 1252 1439 1312 dulcia!
1486 1262 1740 1312 nostrum
1786 1265 1875 1314 est

332 1338 502 1411 Quod
543 1339 719 1405 vivis;
769 1338 909 1396 cinis
956 1345 1014 1396 et
1056 1353 1254 1395 manes
1298 1345 1357 1395 et
1400 1335 1593 1396 fabula
1636 1336 1761 1416 lies.
2365 1337 2366 1414 i

330 1422 478 1481 Vive
519 1438 735 1479 memor
769 1419 900 1478 leti!
937 1419 1080 1495 fugit
1116 1419 1286 1486 hora;
1325 1419 1438 1479 hoc
1482 1420 1634 1498 quod
1675 1420 1882 1498 loquor
1918 1423 2052 1482 inde
2079 1433 2301 1484 est.——
2365 1489 2366 1494 η

330 1504 419 1565 En
460 1504 594 1582 quid
639 1500 808 1580 agis?
856 1502 1070 1580 duplici
1115 1503 1171 1562 in
1211 1502 1498 1563 diversum
1544 1505 1824 1563 scinderis
1871 1506 2060 1565 hamo.
2365 1499 2366 1530 ³

329 1588 654 1662 Hunccine,
702 1604 772 1646 an
816 1586 965 1645 huuc
1010 1583 1317 1662 sequeris?
1363 1585 1575 1645 subeas
1618 1587 1873 1647 alternus
1921 1585 2160 1667 oportet
2197 1603 2297 1653 155

331 1670 585 1748 Ancipiti
631 1667 913 1748 obsequio
964 1669 1257 1745 dominos,
1302 1668 1556 1728 alternus
1600 1669 1862 1731 oberres.

331 1753 457 1813 Nec
500 1763 588 1830 tu,
646 1772 815 1831 quum
867 1752 1162 1811 obstiteris
1208 1752 1392 1811 semel
1436 1752 1779 1831 instantique
1825 1757 2058 1832 negaris

330 1838 544 1897 Parere
589 1838 865 1916 imperio,
920 1838 1065 1913 rupi
1103 1837 1228 1897 iam
1266 1836 1544 1909 vincula,
1592 1836 1778 1905 dicas;

329 1920 475 1980 Nam
520 1929 578 1980 et
622 1921 833 1980 luctata
882 1922 1038 1979 canis
1083 1920 1293 1979 nodum
1333 1919 1570 1997 abripit;
1616 1929 1704 1979 ast
1747 1930 1934 1981 tamen
1978 1923 2093 1997 illi,

332 2003 516 2077 Quum
562 2004 739 2080 fugit,
787 2021 818 2062 a
872 2003 1026 2063 collo
1070 2003 1306 2062 trahitur
1348 2020 1482 2081 pars
1528 2003 1702 2080 longa
1747 2014 2004 2067 catenae.
2037 2041 2121 2051 —
2193 2019 2297 2073 160

331 2089 529 2162 Dave,
585 2090 733 2163 cito,
778 2086 891 2146 hoc
935 2088 1141 2147 credas
1182 2086 1388 2162 iubeo,
1438 2086 1599 2146 finire
1645 2087 1881 2149 dolores

330 2170 681 2230 Praeteritos
725 2170 1078 2229 meditor—
1125 2167 1358 2230 crudum
1401 2167 1842 2232 Chaerestratus
1887 2191 2138 2250 unguem

333 2253 640 2312 Adrodens
681 2255 759 2312 ait
801 2252 1054 2312 haec—
1095 2271 1166 2313 an
1211 2254 1384 2313 siccis
1429 2253 1682 2313 dedecus
1726 2255 1952 2315 obstem

336 2333 655 2411 cognatis?
700 2352 772 2394 an
813 2354 935 2394 rem
979 2339 1220 2414 patriam
1265 2353 1494 2396 rumore
1543 2339 1774 2397 sinistro

329 2417 525 2477 Limen
571 2419 642 2478 ad
685 2419 998 2478 obscenum
1041 2420 1332 2496 frangam,
1380 2420 1509 2479 dum
1556 2418 1851 2495 Chrysidis
1897 2423 2039 2483 udas
2195 2436 2293 2490 165

331 2501 538 2561 Ebrius
581 2511 712 2562 ante
756 2494 917 2562 fores
963 2505 1248 2562 exstincta
1296 2520 1422 2561 cum
1465 2504 1595 2563 face
1640 2503 1957 2565 canto?—

322 2582 527 2662 Euge,
574 2604 753 2664 puer,
801 2586 1025 2664 sapiaS,
1074 2586 1160 2646 dis
1207 2586 1630 2667 depellentibus
1676 2606 1877 2666 agnam

330 2669 598 2728 Percute.
624 2702 708 2714 —
748 2668 865 2728 Sed
911 2670 1145 2728 censen’
1192 2669 1474 2746 plorabit,
1522 2668 1717 2746 Dave,
1760 2669 2010 2732 relicta?
2041 2707 2126 2716 —-

329 2751 606 2839 Nugaris;
666 2752 860 2826 solea,
912 2769 1091 2829 puer,
1141 2752 1527 2829 obiurgabere
1572 2752 1764 2814 rubra.

329 2833 419 2893 Ne
462 2835 755 2912 trepidare
800 2835 949 2894 velis
987 2844 1158 2914 atque
1207 2845 1366 2896 artos
1405 2837 1617 2896 rodere
1665 2837 1891 2897 casses!
2185 2849 2284 2903 170

329 2917 492 2977 Nunc
532 2918 690 2977 ferus
736 2928 793 2978 et
825 2918 1079 2985 violens;
1129 2929 1186 2978 at
1224 2921 1272 2978 si
1317 2926 1524 2995 voce't,
1567 2921 1735 2981 haud
1771 2939 1962 2995 mora,
2003 2921 2284 2993 dicae.-

324 3000 610 3072 Quidnam
655 3003 827 3077 igitur
868 2999 1115 3061 faciam?
1159 3021 1271 3061 nec
1306 3022 1484 3080 nunc,
1524 3021 1693 3081 quum
1728 3020 2001 3063 accersat·
2037 3014 2098 3062 et
2130 3005 2279 3063 ultro

331 3082 664 3156 Supplicet‚
712 3081 1029 3143 accedam?
1062 3117 1144 3132 -α
1185 3086 1247 3144 Si
1295 3095 1448 3146 totus
1495 3096 1551 3145 et
1597 3088 1825 3163 integer
1866 3086 2026 3145 illinc

328 3157 594 3235 Exieras,
640 3182 751 3222 nec
789 3183 956 3223 nunc.
984 3199 1066 3212 -—
1107 3164 1245 3241 Hic,
1287 3168 1401 3243 hic,
1442 3188 1614 3246 quem
1650 3170 1997 3245 quaerimus,
2037 3170 2131 3230 hic
2168 3180 2275 3241 est,

329 3235 460 3292 Non
505 3241 560 3309 in
610 3243 862 3320 festuca,
906 3247 1078 3306 lictor
1126 3267 1294 3325 quam
1342 3253 1515 3310 iactat
1569 3253 1817 3328 ineptus.
2181 3261 2277 3316 175

327 3311 425 3370 Ius
469 3314 641 3378 habet
685 3325 784 3384 ille
829 3328 915 3385 sui
956 3328 1169 3406 palpo,
1220 3349 1386 3410 quem
1425 3333 1580 3393 ducit
1621 3333 1868 3393 hiantem
1921 3377 1934 3383 s
