2409 3825
1183 172 1266 233 m

383 355 448 408 et
469 346 844 407 dominantior
864 343 935 405 ad
964 346 1134 405 vitam
1164 361 1330 422 quam
1357 346 1445 405 vis
1474 346 1693 404 animai.

385 449 512 492 nam
535 433 659 492 sine
683 438 876 489 mente
904 431 1205 505 animoque
1236 429 1433 507 nequit
1455 427 1713 489 residere
1744 446 1850 507 per
1872 438 2029 491 artus

385 516 665 595 temporis
692 515 956 592 exiguam
978 521 1197 594 partem
1219 530 1351 591 pars
1379 511 1495 572 ulla
1522 513 1755 591 animai,

241 609 361 665 400
391 598 498 661 sed
520 616 715 659 comes
737 595 1254 676 insequiturfacile
1275 607 1332 657 et
1353 595 1598 658 discedit
1620 598 1675 655 in
1698 615 1863 659 auras

388 694 447 744 et
475 682 702 762 gelidos
724 693 878 743 artus
908 684 964 741 in
991 680 1092 741 leti
1115 680 1330 759 frigore
1352 680 1573 760 linquit.

386 776 445 828 at
468 776 655 828 manet
684 768 740 826 in
767 768 883 826 vita
908 768 999 826 cui
1026 784 1188 826 mens
1211 767 1544 845 animusque
1566 766 1853 826 remansit.

387 853 643 931 quamvis
669 861 759 912 est
790 853 1003 911 circum
1027 851 1215 910 caesis
1238 848 1397 910 lacer
1423 851 1671 929 undique
1693 850 1961 912 membris

390 946 659 1014 truncus,
689 935 953 1014 adempta
980 937 1160 994 anima
1189 934 1402 994 circum
1426 935 1810 1014 membrisque
1840 945 2057 997 remota

242 1030 358 1085 405
383 1022 521 1081 vivit
550 1029 608 1081 et
636 1021 821 1081 aerias
842 1018 1031 1080 vitalis
1055 1019 1298 1097 suscipit
1320 1037 1515 1080 auras:

388 1107 437 1167 si
460 1122 573 1165 non
598 1103 931 1164 omnimodis
949 1150 967 1182 ,
991 1113 1047 1164 at
1077 1120 1280 1180 magna
1298 1113 1459 1183 parte
1483 1105 1679 1164 animai

389 1191 643 1270 privatus
662 1234 680 1266 ,
702 1197 890 1248 tamen
912 1189 969 1247 in
997 1188 1111 1249 vita
1137 1196 1434 1248 cunctatur
1463 1198 1522 1250 et
1544 1187 1773 1256 haeret;

263 1296 271 1305 ·
385 1284 447 1334 nt
463 1319 481 1351 ‚
511 1272 765 1334 lacerato
789 1272 960 1333 oculo
985 1273 1198 1332 circum
1223 1273 1271 1332 si
1293 1272 1507 1351 pupula
1527 1274 1727 1334 mansit

387 1357 687 1419 incolumis
705 1404 724 1436 ‚
750 1366 864 1419 stat
886 1356 1159 1418 cernundi
1180 1358 1368 1418 vivata
1388 1367 1648 1436 potestas
1665 1403 1683 1435 ‚

244 1451 363 1507 410
392 1443 522 1503 dum
542 1441 711 1501 modo
739 1461 813 1502 ne
837 1451 1016 1503 totum
1041 1458 1371 1520 corrumpas
1401 1441 1625 1503 luminis
1654 1442 1852 1502 orbem
1870 1487 1888 1520 ,

388 1536 446 1588 et
471 1530 685 1587 circum
715 1526 920 1587 caedas
943 1527 1126 1588 aciem
1154 1524 1449 1605 solamque
1471 1525 1791 1604 relinquas:

391 1610 470 1691 [id
501 1627 732 1690 quoque
756 1614 904 1672 enim
926 1613 1052 1673 sine
1074 1612 1333 1692 pernicie
1357 1628 1470 1670 non
1494 1612 1591 1671 fiet
1614 1611 1835 1691 eorum]

383 1706 440 1756 at
468 1697 519 1757 si
535 1693 751 1756 tantula
780 1714 913 1777 pars
943 1694 1098 1755 oculi
1119 1695 1305 1756 media
1332 1694 1428 1755 illa
1449 1713 1659 1775 peresa
1684 1704 1813 1772 est,

390 1779 602 1840 occidit
633 1779 927 1861 extemplo
949 1778 1140 1841 lumen
1163 1781 1554 1859 tenebraeque
1578 1788 1867 1840 secuntur.

244 1872 361 1929 415
394 1863 717 1944 [incolumis
748 1866 1001 1945 'quamvis
1029 1864 1241 1946 alioqui
1271 1863 1605 1945 splendidus
1632 1864 1812 1943 orbis]

386 1949 500 2010 hoc
521 1951 702 2010 anima
725 1959 896 2029 atque
916 1952 1132 2012 animus
1152 1951 1329 2012 vincti
1352 1959 1482 2012 sunt
1512 1949 1750 2011 foedere
1773 1968 2022 2031 semper.

470 2032 637 2093 Nunc
665 2053 775 2112 age
791 2081 809 2113 ‚
842 2038 1062 2096 nativos
1084 2036 1456 2096 animantibus
1481 2044 1539 2095 et
1561 2034 1813 2096 mortalis

388 2137 523 2180 esse
550 2120 768 2179 animos
790 2122 1117 2198 animasque
1147 2119 1296 2180 levis
1321 2129 1382 2180 ut
1409 2136 1657 2181 noscere
1681 2121 1873 2198 possis
1890 2164 1908 2196 ‚

389 2204 707 2282 conquisita
727 2203 821 2263 diu
848 2203 1117 2283 dulcique
1145 2214 1380 2283 reperta
1408 2204 1607 2264 labore

233 2293 356 2351 420
385 2296 668 2367 perpetua
690 2306 927 2368 pergam
949 2287 1258 2368 disponere
1291 2290 1533 2349 carmina
1562 2290 1694 2348 vita.

383 2382 444 2431 tu
468 2373 560 2432 fac
590 2382 889 2452 utrumque
910 2375 1007 2433 nni
1030 2374 1340 2451 subiungas
1371 2390 1579 2434 nomen
1609 2388 1806 2433 eorum
1823 2416 1841 2449 ‚

386 2465 559 2535 atque
579 2458 815 2517 animam
841 2458 1005 2517 verbi
1030 2475 1201 2519 causa
1226 2476 1353 2518 cum
1376 2458 1572 2519 dicere
1595 2475 1832 2537 pergam
1847 2501 1867 2535 ‚

385 2539 679 2601 mortalem
703 2560 840 2602 esse
865 2541 1082 2603 docens
1097 2589 1116 2621 ‚
1146 2544 1385 2603 animum
1411 2560 1641 2628 quoque
1671 2540 1866 2602 dicere
1892 2539 2094 2600 credas
2109 2583 2131 2618 ‚

384 2634 662 2703 quatenus
688 2635 779 2686 est
801 2644 968 2686 unum
995 2627 1145 2687 inter
1164 2646 1232 2688 se
1259 2628 1673 2705 coniunctaque
1703 2645 1797 2699 res
1824 2634 1932 2686 est.

240 2714 360 2771 425
384 2710 665 2790 principio
696 2712 958 2789 quoniam
977 2720 1209 2772 tenuem
1235 2721 1497 2772 constare
1524 2713 1749 2771 minutis

383 2794 726 2873 corporibus
749 2795 919 2855 docui
943 2796 1240 2874 multoque
1263 2796 1573 2857 minoribus
1598 2803 1732 2856 esse

380 2879 677 2957 principiis
700 2878 906 2941 factam
933 2899 1099 2959 quam
1128 2879 1375 2959 liquidus
1398 2897 1561 2940 umor
1580 2881 1745 2958 aquai
1818 2903 1823 2910 ·

378 2972 475 3023 aut
497 2961 709 3023 nebula
728 2974 823 3025 aut
846 2964 1034 3025 fumus
1053 3011 1072 3042 ‚
1102 2968 1213 3024 iam
1235 2964 1412 3043 longe
1434 2963 1748 3024 mobilitate

378 3056 637 3126 praestat
658 3056 717 3109 et
738 3066 772 3109 a
795 3051 952 3109 tenui
986 3067 1156 3110 causa
1179 3052 1357 3127 magis
1387 3050 1500 3110 icta
1524 3057 1803 3109 movetur.

225 3137 350 3192 430
378 3129 620 3212 [quippe
645 3132 742 3192 ubi
771 3134 1107 3212 imaginibus
1132 3133 1270 3193 fumi
1292 3131 1656 3212 nebulaeque
1679 3126 1963 3210 movetur]

376 3215 532 3294 quod
558 3234 743 3293 genus
775 3228 901 3296 est,
926 3220 1140 3279 somnis
1171 3220 1347 3297 sopiti
1377 3217 1472 3277 ubi
1503 3219 1786 3278 cernimus
1808 3214 1925 3277 alte

372 3297 645 3362 exhalare
671 3318 948 3381 vaporem
968 3302 1164 3364 altaria
1183 3303 1457 3381 ferreque
1487 3302 1718 3361 fumum.

373 3383 526 3463 [nam
546 3385 755 3465 procul
778 3386 911 3448 hinc
937 3389 1107 3448 dubio
1137 3389 1304 3449 nobis
1329 3386 1627 3448 simulacra
1651 3382 1949 3464 geruntur}

365 3486 522 3529 nunc
546 3470 721 3548 igitur
750 3473 1013 3551 quoniam
1039 3474 1318 3551 quassatis
1343 3471 1591 3550 undique
1621 3471 1775 3530 vasis

2144 170 2230 238 73
