2409 3825
306 151 392 216 -38
1128 155 1435 211 CATVLLI
2034 156 2251 227 [Lxm.

372 332 405 380 5
432 317 726 382 Devolsit
765 319 876 382 ilci
920 319 1105 381 acuto
1150 317 1273 381 sibi
1313 316 1598 401 pondera
1641 317 1839 383 silice.

435 402 658 485 Itaque
702 406 775 466 ut
813 401 1038 466 relicta
1080 402 1281 466 sensit
1322 401 1446 464 sibi
1486 402 1775 465 membra.
1817 403 1960 466 sine
2001 402 2141 467 viro
2151 452 2174 486 ,

435 486 654 551 Etiam
693 488 947 552 recente
988 488 1195 550 terrae
1240 485 1377 549 sola
1421 485 1732 570 sanguine
1773 486 2107 550 maculans

436 570 500 636 N
502 571 660 635 iveis
705 570 900 636 citata
941 571 1112 653 cepit
1152 570 1446 634 manibus
1489 570 1627 634 leve
1669 573 2014 653 typanum‚

437 654 804 738 Typanum‚
845 659 1026 718 tuom
1069 652 1358 737 Cybebe,
1401 658 1543 736 tua,
1588 658 1821 738 mater,
1865 656 2086 739 initia,

345 753 408 801 10
437 738 868 822 Quatiensque
910 741 1094 823 terga
1135 738 1340 802 taurei
1381 739 1618 802 teneris
1664 759 1817 803 cava
1862 739 2086 823 digitis

239 820 245 825 ’
439 821 683 889 Canere
723 822 883 887 haec
927 824 1056 886 suis
1101 822 1389 887 adortast
1430 821 1847 886 tremebunda
1876 823 2252 889 comitibuS.

441 908 662 992 ‘Agite
689 907 778 971 ite
807 906 886 971 ad
917 908 1073 988 alta,
1121 904 1376 988 Gallae,
1422 905 1691 989 Cybeles
1719 927 1987 971 nemora
2028 908 2254 991 simul,
2387 953 2388 958 η

439 991 644 1056 Simul
685 992 803 1073 ite,
847 990 1288 1074 Dindymenae
1332 990 1628 1055 dominae
1668 1012 1834 1076 vaga
1873 1012 2149 1075 pecora,

437 1076 671 1139 Aliena
712 1096 872 1159 quae
914 1078 1203 1159 petentes
1247 1075 1424 1140 velut
1463 1075 1679 1140 exules
1723 1076 1864 1141 loca

345 1175 406 1221 15
436 1159 689 1225 Sectam
730 1180 940 1222 meam
983 1161 1282 1224 executae
1324 1159 1492 1228 duce
1522 1179 1629 1223 me
1666 1157 1828 1222 mihi
1871 1160 2144 1224 comites

436 1243 755 1308 Rabidum
797 1244 1002 1308 salum
1042 1244 1281 1307 tulistis
1322 1243 1805 1327 truculentaque
1846 1244 2076 1328 pelage

437 1326 525 1393 Et
568 1349 796 1411 corpus
840 1328 1126 1392 evirastis
1166 1326 1439 1393 Veneris
1481 1327 1683 1391 nimio
1729 1327 1908 1411 odic,

438 1412 727 1476 Hilarate
770 1434 912 1476 erae
956 1412 1167 1477 citatis
1212 1413 1528 1476 erroribus
1573 1412 1873 1475 animum.

438 1496 623 1561 Mora
660 1496 846 1560 tarda
885 1500 1098 1560 mente
1142 1497 1354 1561 cedat:
1397 1496 1589 1561 simul
1630 1497 1748 1577 ite,
1794 1496 2143 1580 sequimini

340 1594 408 1644 20
436 1581 784 1666 Phrygiam
836 1580 917 1645 ad
972 1580 1231 1645 domum
1287 1579 1604 1665 CybebeS,
1659 1580 1941 1729 Phgygia
1993 1580 2076 1645 ad
2137 1603 2254 1646 ne·

1523 1687 1704 1729 mora
1790 1686 1899 1730 eae
1910 1716 1930 1749 ,

437 1750 567 1815 Vbi
610 1749 968 1834 cymbalum
1012 1753 1202 1814 sonat
1242 1771 1396 1834 vox,
1439 1749 1549 1813 ubi
1590 1753 1897 1834 tympana
1938 1750 2252 1836 reboant,
2387 1797 2388 1800 ,

438 1833 704 1899 Tibicen
745 1835 856 1899 ubi
900 1836 1074 1899 canit
1115 1833 1332 1918 Phryx
1376 1854 1565 1898 curvo
1610 1854 1804 1920 grave
1847 1834 2091 1898 calamo
2107 1886 2127 1919 ‚

438 1919 568 1983 Vbi
613 1919 824 2003 capita
864 1918 1207 1984 Maenades
1250 1919 1315 1983 vi
1356 1919 1597 1983 iaciunt
1639 1918 2002 2015 ederigerae
2016 1970 2035 2001 ‚

436 2001 568 2068 Vbi
611 2025 792 2069 sacra
835 2009 1055 2069 sancta
1097 2003 1299 2069 acutis
1343 2002 1686 2067 ululatibus
1730 2007 2011 2087 agitant,

341 2102 406 2151 25
436 2087 565 2153 Vbi
608 2090 814 2153 suevit
854 2089 968 2153 illa
1011 2088 1190 2153 divae
1234 2086 1499 2153 volitare
1541 2108 1707 2172 vaga
1749 2087 2008 2151 cohors:

440 2172 578 2248 Quo
622 2194 743 2236 nos
788 2172 968 2238 decet
1011 2173 1221 2237 citatis
1266 2173 1537 2236 celerare
1577 2170 1918 2254 tripudiis.'

438 2257 643 2321 Simul
684 2255 844 2321 haec
888 2258 1227 2322 comitibus
1258 2257 1430 2320 Attis
1475 2256 1706 2320 cecinit
1745 2257 1947 2320 notha
1987 2256 2247 2340 mulier,

439 2339 709 2405 Thiasus
750 2343 1011 2424 repente
1054 2342 1291 2426 linguis
1335 2340 1799 2424 trepidantibus
1842 2340 2077 2422 ululat,

437 2424 605 2488 Leve
645 2428 1021 2508 tympanum
1049 2426 1344 2508 remugit,
1387 2447 1540 2489 cava
1567 2424 1856 2508 cymbala
1881 2429 2244 2508 recrepant,

341 2523 408 2571 30
435 2508 725 2573 Viridem
769 2510 931 2573 citus
975 2509 1109 2573 adit
1149 2508 1330 2572 Idam
1373 2511 1753 2592 properante
1873 2508 1951 2572 de
1981 2507 2243 2573 chorus.

438 2592 806 2660 Furibunda
857 2594 1047 2658 simul
1101 2592 1406 2658 anhelans
1461 2614 1628 2678 vaga
1687 2613 1767 2657 va
1818 2594 1892 2675 't,
1957 2593 2246 2656 animam

1524 2700 1562 2741 a
1644 2699 1721 2741 ns

434 2763 761 2830 Comitata
802 2767 1107 2848 tympano
1151 2763 1327 2827 Attis
1369 2784 1486 2846 per
1527 2699 1750 2846 office»,
1773 2782 2036 2827 nemora
2080 2760 2243 2845 duit,

437 2849 654 2914 Veluti
697 2850 961 2914 iuvenca
1002 2848 1210 2912 vitans
1252 2868 1414 2911 onus
1456 2846 1770 2910 indomita
1809 2845 1973 2930 iugi:

437 2933 722 3016 Rapidae
766 2933 990 2997 ducem
1033 2933 1382 3080 εθἙιαηί-,ιιτ
1426 2929 1648 2995 Gallae
1689 2929 2198 3014 properipedem.

339 3031 404 3078 35
433 3017 658 3100 ltaque
700 3019 775 3082 ut
816 3016 1074 3080 domum
1170 3013 1408 3098 ybebes
1451 3015 1717 3099 tetigere
1761 3013 2063 3095 lassulae‚

437 3101 657 3166 Nimio
704 3121 738 3164 e
780 3100 996 3164 labore
1041 3121 1338 3164 somnum
1380 3100 1641 3182 capiunt
1682 3098 1820 3161 sine
1865 3095 2116 3162 Cerere.

436 3183 631 3264 Piger
671 3183 773 3246 his
818 3182 1073 3246 labante
1116 3183 1382 3266 langore
1427 3183 1645 3246 oculos
1687 3202 1885 3264 sopor
1927 3181 2168 3265 operit:

438 3264 599 3326 Abit
637 3265 709 3326 in
752 3265 962 3347 quiete
1003 3265 1186 3329 molli
1228 3265 1488 3330 rabidus
1529 3266 1710 3330 furor
1752 3265 1971 3329 animi.

442 3342 566 3403 Sed
609 3345 717 3407 ubi
760 3348 888 3409 oris
934 3350 1106 3412 aurei
1150 3348 1263 3412 Sol
1304 3348 1696 3412 radiantibus
1739 3348 1942 3413 oculis

343 3427 411 3475 40
437 3420 758 3489 Lusi-,ravit
795 3428 1052 3493 aethera
1092 3432 1335 3516 album,
1379 3433 1516 3496 sola
1557 3432 1743 3517 dura,
1784 3453 1959 3497 mare
1999 3432 2246 3520 ferum,
