2409 3825
1114 180 1167 242 11

280 349 557 427 scilicet,
585 358 644 409 et
669 350 788 408 risu
820 346 1061 408 tremulo
1088 366 1371 410 concussa
1404 349 1737 412 cachinnant

281 445 345 495 et
373 434 621 495 lacrimis
647 441 923 512 spargunt
945 433 1267 494 rorantibus
1292 450 1389 493 ora
1417 452 1710 514 genasque
1730 481 1748 514 ,

280 519 580 597 multaque
605 517 676 577 de
697 534 887 576 rerum
913 518 1152 577 mixtura
1175 517 1370 578 dicere
1399 517 1641 596 callent,

283 613 348 663 et
372 602 483 663 sibi
511 616 795 682 proporro
825 618 969 678 quae
997 604 1107 661 sint
1139 601 1441 680 primordia
1467 613 1772 681 quaerunt;

136 695 255 749 980
280 684 744 765 quandoquidem
770 687 906 745 totis
930 684 1259 745 mortalibus
1284 685 1614 746 adsimulata

281 773 415 849 ipsa
440 786 671 848 quoque
696 787 771 829 ex
792 768 918 829 aliis
942 768 1155 830 dehent
1180 778 1444 830 constare
1469 769 1802 850 elementis,

281 853 419 914 inde
442 853 552 913 alia
575 872 651 914 ex
679 850 803 913 aliis
821 899 839 931 ,
863 871 1139 932 nusquam
1164 855 1482 915 consistere
1513 864 1576 916 ut
1599 856 1786 916 ausis:

281 939 502 1017 quippe
527 954 769 1016 sequar,
794 937 1196 1017 quodcumque
1220 937 1377 1017 loqui
1400 938 1703 1019 ridereque
1728 940 1888 1001 dices

280 1031 343 1082 et
366 1040 572 1101 sapere
589 1067 607 1099 ,
634 1039 710 1081 ex
738 1020 862 1081 aliis
887 1021 1087 1082 eadem
1110 1021 1256 1082 haec
1281 1022 1621 1083 facientibus
1648 1032 1708 1085 ut
1731 1026 1821 1084 sit.

139 1114 253 1169 985
279 1105 437 1186 quod
464 1107 514 1167 si
538 1103 717 1165 delira
738 1103 884 1165 haec
913 1105 1244 1185 furiosaque
1270 1108 1551 1168 cernimus
1575 1127 1708 1168 esse
1726 1155 1744 1187 ,

281 1201 345 1251 et
370 1189 559 1250 ridere
582 1197 779 1268 potest
801 1206 914 1248 non
936 1208 1011 1250 ex
1042 1189 1342 1250 ridentibu’
1367 1191 1551 1253 factus
1568 1238 1585 1268 ‚

282 1285 346 1335 et
368 1291 578 1354 sapere
608 1282 666 1333 et
694 1273 878 1334 doctis
902 1275 1177 1335 rationem
1203 1272 1447 1336 reddere
1471 1275 1636 1336 dictis

281 1376 401 1418 non
424 1377 501 1418 ex
522 1357 831 1418 seminibus
856 1359 1209 1437 sapientibus
1234 1368 1404 1438 atque
1430 1359 1658 1421 disertis
1674 1406 1691 1437 ,

279 1445 379 1522 qui
401 1444 583 1502 minus
609 1460 744 1502 esse
771 1451 978 1521 queant
1002 1460 1070 1502 ea
1094 1461 1239 1521 quae
1263 1444 1475 1504 sentire
1497 1444 1753 1505 videmus

142 1535 255 1590 990
278 1526 591 1588 seminibus
614 1527 892 1604 permixta
917 1527 1239 1587 carentibus
1265 1527 1513 1607 undique
1538 1524 1756 1588 sensu?

364 1610 631 1689 Denique
656 1609 894 1670 caelesti
918 1628 1111 1672 sumus
1130 1627 1329 1671 omnes
1354 1613 1570 1671 semine
1596 1610 1842 1672 oriundi:

283 1695 545 1754 omnibus
568 1693 668 1754 ille
693 1693 844 1754 idem
867 1704 1029 1773 pater
1058 1705 1184 1772 est,
1210 1695 1359 1755 unde
1381 1694 1524 1755 alma
1549 1693 1819 1774 liquentis

284 1780 495 1839 umoris
520 1786 709 1856 guttas
730 1787 910 1839 mater
933 1798 1061 1840 cum
1082 1789 1233 1839 terra
1259 1780 1516 1859 recepit,

280 1862 396 1923 feta
421 1864 568 1943 parit
590 1861 791 1923 nitidas
816 1862 1015 1941 fruges
1045 1864 1391 1944 arbustaque
1415 1862 1566 1925 laeta

150 1956 257 2011 995
287 1957 346 2007 et
368 1966 553 2025 genus
577 1946 873 2007 humanum
889 1994 907 2025 ‚
947 1950 1091 2028 parit
1114 1952 1297 2009 omnia
1322 1949 1515 2010 saecla
1538 1949 1781 2010 ferarum
1800 1995 1816 2027 ,

281 2030 491 2111 pabula
514 2050 642 2091 cum
669 2032 911 2111 praebet
929 2079 946 2110 ,
973 2034 1177 2112 quibus
1204 2050 1403 2094 omnes
1432 2049 1675 2114 corpora
1699 2043 1941 2112 pascunt

282 2124 341 2175 et
364 2115 591 2175 dulcem
616 2115 827 2175 ducunt
846 2119 1018 2177 vitam
1036 2117 1376 2197 prolemque
1404 2126 1747 2198 propag-arm

285 2208 638 2278 quapropter
664 2201 866 2260 merito
887 2210 1198 2260 maternum
1220 2219 1427 2263 nomen
1451 2202 1655 2281 adepta
1679 2209 1787 2260 est.

284 2283 435 2343 cedit
457 2285 595 2343 item
615 2292 770 2344 retro
788 2330 806 2363 ,
830 2284 902 2345 de
923 2294 1075 2345 terra
1098 2286 1252 2365 quod
1280 2285 1384 2347 fuit
1408 2295 1536 2347 ante
1553 2331 1571 2365 ,

117 2377 254 2431 1000
282 2369 338 2425 in
358 2377 541 2428 terras
556 2413 574 2445 ,
600 2377 659 2428 et
689 2369 843 2447 quod
862 2370 1151 2430 missumst
1176 2389 1253 2430 ex
1275 2371 1523 2431 aetheris
1547 2371 1660 2429 oris
1676 2415 1694 2447 ,

282 2449 338 2509 id
360 2469 581 2512 rursum
604 2451 748 2512 caeli
770 2451 1032 2514 rellatum
1054 2454 1267 2535 templa
1289 2463 1603 2533 receptant.

281 2553 392 2594 nec
418 2537 504 2596 sic
527 2537 809 2596 interemit
831 2553 983 2599 mors
1008 2557 1102 2599 res
1120 2585 1138 2617 ‚
1169 2547 1231 2598 ut
1252 2540 1502 2598 materiai

284 2634 525 2698 corpora
548 2619 844 2698 conficiat,
870 2620 976 2681 sed
1003 2631 1230 2682 coetum
1251 2622 1506 2699 dissupat
1530 2620 1692 2680 ollis:

278 2703 410 2763 inde
433 2702 556 2763 aliis
581 2703 731 2763 aliud
757 2707 1115 2783 coniungitur
1132 2753 1149 2784 ,
1183 2715 1241 2766 et
1267 2701 1408 2766 fit'ut
1433 2721 1631 2764 omnes

126 2797 249 2851 1005
276 2805 373 2847 res
397 2789 474 2847 ita
498 2795 828 2849 convertant
853 2787 1060 2850 formas
1085 2800 1418 2869 mutentque
1450 2787 1680 2849 colores

279 2879 337 2931 et
364 2873 585 2951 capiant
606 2890 813 2933 sensus
838 2882 896 2933 et
918 2884 1130 2953 puncto
1151 2884 1411 2953 tempore
1442 2871 1709 2949 reddant,

277 2965 336 3015 ut
363 2972 572 3017 noscas
595 2955 817 3017 referre
844 2958 1044 3017 eadem
1064 2958 1367 3038 primordia
1386 2974 1576 3017 rerum

281 3057 407 3099 cum
437 3040 644 3119 quibus
669 3050 728 3101 et
752 3040 903 3120 quali
927 3044 1181 3121 positura
1204 3044 1600 3102 contineantur

279 3133 335 3183 et
360 3140 505 3201 quos
529 3126 679 3185 inter
698 3144 765 3186 se
789 3124 924 3185 dent
947 3136 1133 3187 motus
1156 3128 1553 3206 accipiantque
1569 3171 1587 3202 ‚

134 3217 252 3272 1010
270 3225 416 3267 neve
440 3218 612 3288 putes
636 3219 866 3270 aeterna
889 3228 1073 3289 penes
1088 3211 1348 3271 residere
1373 3220 1613 3289 potesse

280 3308 521 3371 corpora
541 3294 721 3373 prima
741 3339 759 3370 ,
786 3293 938 3372 quod
962 3297 1019 3355 in
1052 3296 1276 3356 cunctis
1300 3294 1519 3354 fluitare
1542 3293 1799 3352 videmus

275 3376 448 3438 rebus
473 3385 532 3437 et
554 3376 833 3437 interdum
855 3381 1015 3439 nasci
1041 3378 1347 3458 subitoque
1369 3378 1581 3458 perire.

328 3456 358 3542 Η
389 3460 538 3535 Quin
567 3463 737 3521 etiam
757 3459 935 3522 refert
957 3463 1167 3523 nostris
1189 3464 1247 3521 in
1276 3460 1538 3522 versibus
1567 3458 1708 3537 ipsis

2058 188 2141 257 57
