2409 3825
963 196 1213 246 sATmA
1248 198 1315 245 v.
1649 225 1655 230 -
2050 183 2126 245 13

155 342 267 402 His
316 343 431 419 ego
477 348 751 401 centenas
791 340 971 400 ausim
1024 339 1351 418 deposcere
1389 357 1593 417 voces,
1689 329 1700 344 ‘

160 425 279 501 Ut,
322 434 588 504 quantum
636 424 769 482 mihi
811 433 871 483 te
921 426 1156 483 sinuoso
1209 426 1265 483 in
1312 433 1552 502 pectore
1597 424 1714 499 fixi,

153 509 330 568 Voce
385 508 604 568 traham
647 525 826 584 pura,
873 516 1170 586 totumque
1218 507 1332 566 hoc
1371 507 1552 569 verba
1593 509 1908 585 resignent

156 591 337 664 Quod
374 592 514 652 latet
557 608 764 650 arcana
808 607 923 649 non
973 590 1295 650 enarrabile
1342 591 1519 653 libra.

156 674 353 747 Quum
400 676 638 753 primum
685 674 892 751 pavido
939 684 1136 734 custos
1177 674 1312 733 mihi
1355 691 1606 753 purpura
1653 676 1850 749 cessit,
2052 687 2148 740 3ο-

154 757 448 836 Bullaque
491 758 802 816 succinctis
830 756 1068 817 Laribus
1115 758 1322 817 donata
1368 757 1673 836 pependit;

155 839 355 912 Quum
393 840 586 900 blandi
632 841 872 900 comites
915 849 1151 918 totaque
1196 841 1424 918 impune
1469 840 1689 900 Subura

153 923 428 984 Permisit
475 924 763 1001 sparsisse
810 923 1016 982 oculos
1060 925 1169 983 iam
1215 924 1486 984 candidus
1536 924 1737 990 umbo:

155 1005 469 1084 Quumque
516 1007 625 1065 iter
670 1006 991 1082 ambiguum
1040 1015 1131 1065 est
1183 1015 1243 1065 et
1281 1009 1433 1067 vitae
1476 1009 1708 1066 nescius
1756 1024 1920 1067 error

152 1087 414 1150 Deducit
457 1090 714 1168 trepidas
760 1107 986 1150 ramosa
1033 1091 1087 1149 iu
1132 1091 1380 1168 compita
1430 1099 1672 1165 mentes,
2052 1103 2117 1155 35

152 1171 256 1231 Me
303 1173 404 1233 tibi
447 1174 756 1251 supposui:
807 1182 1041 1232 teneros
1085 1182 1145 1233 tu
1185 1175 1431 1251 suscipis
1479 1190 1657 1233 annos

158 1257 502 1332 Socratico,
552 1254 839 1331 cornute,
892 1257 1042 1324 sinu;
1093 1266 1208 1316 tum
1250 1256 1457 1316 fallere
1504 1257 1716 1317 sollers

158 1338 450 1416 Apposita
493 1341 737 1398 intortos
784 1339 1042 1398 extendit
1084 1340 1286 1416 regula
1328 1356 1544 1413 mores,

154 1421 235 1481 Et
283 1423 558 1498 premitur
608 1424 828 1481 ratione
874 1424 1089 1481 animus
1133 1423 1400 1499 vincique
1449 1421 1694 1497 laborat,
1777 1447 1783 1453 ·

157 1501 576 1583 Artificemque
620 1514 719 1564 tuo
766 1506 920 1564 ducit
968 1503 1072 1563 sub
1115 1504 1332 1582 pollice
1376 1505 1611 1563 vultum.
2050 1516 2119 1568 40

157 1587 378 1647 Tecum
422 1590 630 1647 etenim
672 1587 883 1664 longos
928 1589 1154 1647 memini
1200 1604 1540 1646 consumere
1583 1589 1766 1664 soles,

154 1669 235 1729 Et
280 1680 470 1730 tecum
515 1673 727 1749 primas
775 1671 960 1769 epulis
1006 1670 1328 1748 decerpere
1376 1679 1608 1729 noctes:

154 1753 343 1814 Unum
388 1771 535 1832 opus
580 1763 637 1812 et
677 1756 934 1832 requiem
976 1755 1195 1832 pariter
1239 1754 1602 1832 disponimus
1634 1753 1821 1829 ambo,

154 1837 351 1915 Atque
397 1836 727 1917 verecunda
770 1836 1024 1897 laxamus
1071 1838 1224 1896 seria
1269 1853 1483 1896 mensa.

154 1920 287 1979 Non
331 1910 595 1998 equidem
639 1920 751 1980 hoc
809 1921 1064 1996 dubites,
1110 1920 1402 1980 amborum
1442 1921 1685 1981 foedere
1731 1930 1893 1981 certo
2047 1930 2115 1983 45

159 2001 505 2067 Consentire
550 2004 673 2063 dies
720 2013 778 2063 et
822 2003 892 2062 ab
936 2020 1049 2062 uno
1106 2004 1300 2063 sidere
1345 2005 1507 2064 duci:

154 2085 372 2147 Nostra
411 2086 509 2145 vel
552 2086 782 2165 aequali
826 2084 1126 2165 suspendit
1170 2096 1432 2164 tempora
1475 2087 1643 2146 Libra

156 2170 339 2229 Parca
388 2179 562 2229 tenax
604 2171 760 2244 veri,
806 2188 910 2229 seu
951 2180 1080 2229 nata
1127 2169 1391 2229 fidelihus
1443 2170 1585 2229 hora

155 2252 372 2312 Dividit
416 2254 471 2311 in
521 2251 791 2313 Geminos
841 2254 1150 2313 concordia
1193 2253 1310 2312 fata
1353 2254 1611 2327 duorum,

158 2337 576 2412 Saturnumque
629 2354 866 2412 gravem
907 2346 1108 2396 nostro
1150 2335 1291 2396 Iove
1337 2336 1646 2413 frangimus
1688 2354 1828 2394 una:
2043 2348 2112 2398 50

158 2416 373 2477 Nescio
416 2417 603 2497 quod,
651 2427 811 2477 certe
855 2429 945 2478 est
991 2418 1144 2497 quod
1186 2438 1280 2478 me
1323 2419 1425 2478 tibi
1466 2427 1752 2495 temperat
1798 2428 2026 2479 astrum.

241 2500 401 2561 Mille
449 2500 732 2560 hominum
779 2504 1009 2579 species
1055 2511 1113 2562 et
1157 2520 1349 2561 rerum
1391 2501 1647 2561 discolor
1689 2519 1859 2570 usus3

12 2587 21 2605 ¹
64 2616 75 2622 -
157 2583 330 2642 Velle
383 2602 546 2642 suum
591 2585 796 2662 cuique
842 2594 961 2661 est,
1006 2603 1118 2644 nec
1166 2593 1305 2644 voto
1348 2586 1556 2643 vivitur
1602 2601 1735 2643 uno.

157 2665 448 2726 Mercibus
493 2666 587 2726 hic
631 2666 787 2727 Italis
830 2677 1005 2728 mutat
1054 2667 1159 2727 sub
1207 2667 1334 2726 sole
1377 2668 1600 2726 recenti

158 2748 455 2825 Rugosum
497 2752 668 2828 piper
709 2760 767 2809 et
810 2751 1081 2829 pallentis
1124 2769 1303 2826 grana
1347 2750 1573 2823 cumini,
2046 2761 2111 2812 55

158 2832 265 2894 Hic
310 2842 465 2892 satur
509 2833 724 2910 irriguo
768 2833 980 2893 mavult
1021 2843 1368 2909 turgescere
1413 2850 1644 2898 somno:

157 2915 265 2974 Hic
317 2932 523 2994 ‚campo
575 2916 864 2992 indulget;
908 2916 1058 2975 hunc
1103 2916 1231 2975 alea
1278 2916 1578 2994 decoquit;
1627 2916 1725 2975 ille

159 2998 222 3057 In
257 2997 547 3058 Venerem
586 3000 800 3076 putris:
852 2999 957 3058 sed
993 3016 1160 3076 quum
1199 2998 1460 3075 lapidosa
1502 2998 1784 3074 cheragra

100 3134 105 3141 .
159 3077 429 3157 Fregerit
476 3082 787 3156 articuloS‚
835 3083 1050 3141 veteris
1095 3082 1329 3141 ramalia
1367 3081 1506 3157 fagi,
2007 3129 2013 3141 ,

160 3163 319 3223 Tunc
364 3181 595 3223 crassos
638 3163 915 3223 transisse
961 3164 1085 3223 dies
1130 3165 1433 3243 lucemque
1476 3163 1789 3242 palustrem
2044 3162 2113 3225 60

157 3246 231 3306 Et
278 3247 386 3306 sibi
430 3248 539 3307 iam
584 3249 701 3305 seri
747 3249 917 3306 vitam
960 3247 1294 3324 ingemuere
1340 3247 1619 3306 relictam.

157 3330 235 3388 At
276 3338 333 3388 te
376 3330 669 3389 nocturnis
707 3330 861 3390 iuvat
905 3330 1314 3408 impallescere
1361 3330 1602 3393 chartis:

160 3410 358 3472 Cultor
397 3414 544 3472 enim
591 3413 854 3472 iuvenum
896 3422 1170 3491 purgatas
1214 3414 1420 3472 inseris
1477 3430 1644 3471 aures
