2409 3825
864 254 1114 302 SATIRA
1140 255 1233 301 VI.
2017 245 2088 303 17

115 393 364 454 Cretata
409 390 682 452 ambitio?
721 393 900 469 vigila
942 402 1001 451 et
1045 394 1207 452 cicer
1249 394 1450 470 ingere
1495 391 1659 470 large

112 478 357 536 Rixanti
400 477 651 554 populO,
697 486 893 535 nostra
936 485 998 535 ut
1035 474 1290 535 Floralia
1335 478 1560 554 possint

111 561 327 638 Aprici
371 560 698 619 meminisse
750 577 953 628 senes;
1000 559 1135 637 quid
1178 556 1518 637 pulchrius?
1581 560 1658 619 At
1702 580 1874 639 quum

112 643 374 703 Herodis
413 647 634 702 vener'e
679 645 843 717 dies,
890 653 1174 720 unctaque
1218 644 1480 703 fenestra
1991 655 2087 710 180

110 728 462 804 Dispositae
506 728 775 804 pinguem
819 725 1087 786 nebulam
1129 743 1410 787 vomuere
1454 725 1728 787 lucernae

52 849 63 854 -
112 811 428 870 Portantes
473 810 691 884 violas,
746 809 1094 888 rubrumque
1140 810 1408 888 amplexa
1450 811 1697 870 catinum

113 892 320 952 Gauda
362 902 516 951 natat
559 893 788 968 thynni,
830 902 1008 952 tumet
1051 893 1181 952 alba
1231 892 1421 953 tidelia
1464 895 1632 953 vino:

110 975 305 1036 Labra
346 993 548 1035 moves
592 978 800 1036 tacitus
844 977 1208 1055 recutitaque
1250 976 1490 1037 sabbata
1533 977 1742 1054 palles.

112 1059 264 1118 Tum
301 1060 449 1136 nigri
495 1059 745 1118 lemures
792 1077 1025 1139 ovoque
1061 1059 1320 1137 pericula
1354 1070 1547 1138 rupte,
1987 1075 2085 1126 185

112 1142 266 1201 Tum
307 1142 559 1219 grandes
602 1143 743 1220 galli
786 1135 846 1202 et
885 1161 1012 1202 cum
1059 1144 1233 1203 sistro
1272 1142 1433 1204 lusca
1484 1144 1763 1204 sacerdos

111 1226 432 1286 Incussere
476 1225 622 1286 deos
662 1226 924 1287 inflantes
967 1244 1250 1304 corpora,
1300 1228 1350 1287 si
1393 1243 1511 1286 non

113 1310 481 1369 Praedictum
528 1319 616 1369 ter
657 1327 822 1369 mane
866 1320 1037 1388 caput
1077 1312 1405 1386 gustaveris
1448 1309 1565 1368 alli.

202 1391 441 1452 Dixeris
489 1393 636 1453 haec
680 1394 829 1452 inter
867 1395 1169 1453 varicosos
1216 1394 1607 1467 centuriones,

117 1474 410 1534 Continuo
456 1493 715 1536 crassum
757 1476 906 1535 ridet
948 1474 1292 1535 Pulfennius
1325 1476 1552 1551 ingens,
1987 1489 2088 1542 190

114 1557 194 1617 Et
251 1568 477 1617 centum
523 1558 783 1620 Graecos
836 1567 1001 1618 curto
1046 1566 1317 1617 centusse
1362 1556 1587 1619 licetur.

924 1675 935 1680 -
1002 1649 1039 1680 ι
1075 1664 1101 1690 -,

772 1877 1244 1944 SATIRA
1303 1879 1422 1944 VI.

119 2005 403 2098 Admovit
448 2033 557 2092 iam
602 2032 800 2096 bruma
840 2035 977 2095 foco
1018 2045 1107 2111 te,
1152 2035 1372 2111 Basse,
1417 2032 1674 2095 Sabino?

119 2102 315 2175 jamne
361 2117 485 2191 lyra
532 2126 590 2176 et
634 2118 843 2178 tetrico
885 2120 1083 2179 vivunt
1114 2118 1236 2179 stibi
1278 2120 1512 2197 pectine
1556 2115 1852 2178 chordae?

123 2197 268 2259 Mire
312 2200 512 2278 opifex
555 2203 805 2261 numeris
848 2212 1108 2262 veterum
1148 2203 1458 2281 primordia
1497 2219 1704 2261 vocum

125 2288 314 2362 Atque
360 2301 574 2344 marem
626 2287 929 2363 strepitum·
969 2287 1096 2346 fidis
1148 2287 1467 2346 intendisse
1508 2285 1741 2360 latinae,

122 2369 260 2428 Mox
311 2368 550 2427 iuvenes
604 2370 826 2444 agitare
864 2372 1030 2431 iocos
1083 2380 1141 2431 et
1181 2368 1403 2450 pollice
1454 2369 1701 2430 honesto
1973 2381 1977 2384 ⁴
2051 2380 2083 2429 5

125 2451 416 2527 Egregius
464 2450 673 2510 lusisse
716 2470 920 2512 senex.
981 2452 1120 2513 Mihi
1166 2472 1316 2514 nunc
1356 2452 1531 2530 Ligus
1575 2470 1678 2513 ora

22 2597 33 2615 ‚
124 2536 349 2611 Intepet
402 2532 779 2613 hibernatque
822 2554 1010 2596 meum
1047 2555 1240 2609 mare,
1288 2554 1398 2615 qua
1456 2536 1601 2595 latus
1648 2537 1851 2612 ingens

22 2625 32 2661 s
124 2619 273 2678 Dant
318 2618 544 2694 scopuli
590 2627 647 2676 et
684 2620 856 2680 multa
910 2620 1042 2680 litus
1087 2639 1151 2678 se
1199 2620 1353 2679 valle
1397 2628 1682 2696 receptat.

126 2701 321 2762 Lunai
360 2709 633 2777 portum,
678 2711 769 2764 est
805 2721 1066 2783 operae,
1110 2705 1488 2782 coquos-cite,
1533 2700 1731 2765 cives!

125 2783 244 2842 Cor
285 2783 442 2842 iubet
487 2785 599 2844 hoc
643 2784 819 2863 Enni,
868 2797 1171 2866 postquam
1214 2786 1515 2849 destertuit
1558 2804 1694 2845 esse
2021 2798 2084 2847 ιο

24 2874 25 2879 ’
124 2866 491 2942 Maeonides,
538 2866 778 2941 Quintus
826 2888 1051 2948 pavone
1096 2889 1170 2930 ex
1213 2870 1604 2947 Pythagoreo.

124 2950 230 3011 Hic
272 2967 386 3027 ego
430 2969 672 3011 securus
714 2954 874 3030 vulgi
914 2963 972 3012 et
1015 2955 1149 3032 quid
1187 2962 1499 3032 praeparet
1548 2963 1742 3013 auster

26 3043 33 3049 “
126 3034 330 3093 Infelix
372 3037 611 3117 pecori,
658 3055 899 3095 securus
945 3046 1003 3095 et
1043 3038 1286 3114 angulus
1326 3037 1426 3096 ille

24 3116 38 3199 Q
125 3117 308 3176 Vicini
361 3127 557 3176 nostro
600 3122 731 3199 quia
775 3121 1074 3198 pinguior,
1122 3122 1230 3180 etsi
1276 3120 1423 3181 adeo
1472 3137 1671 3179 omnes

24 3200 40 3269 ζ
126 3200 419 3260 Ditescant
460 3203 569 3262 orti
610 3204 940 3280 peioribus,
988 3223 1174 3283 usque
1219 3222 1486 3263 recusem
2019 3217 2078 3265 15

24 3284 27 3293 '
131 3283 348 3342 Curvus
391 3284 465 3343 oh
512 3286 568 3345 id
612 3288 782 3346 minui
828 3289 1024 3362 seni0,
1067 3298 1162 3347 aut
1209 3305 1460 3349 coenare
1506 3290 1630 3346 sine
1671 3297 1863 3363 uncto,

128 3365 200 3427 Et
242 3368 459 3444 signum
508 3371 562 3428 in
607 3371 813 3448 vapida
860 3387 1000 3430 naso
1046 3374 1314 3448 tetigisse
1358 3371 1585 3447 lagena.
1779 3384 1788 3389 ⁴

25 3484 30 3501 r
130 3450 430 3529 Discrepet
476 3451 563 3511 his
611 3454 785 3514 alius:
832 3456 1130 3531 geminos,
1172 3456 1536 3533 horoscope,
1585 3470 1724 3512 varo

210 3554 358 3594 psas.
389 3556 509 3596 sar.
1367 3585 1378 3598 .
1634 3535 1671 3594 2
