2409 3825
179 216 194 227 .
293 152 440 220 '110
868 170 1039 221 xxv.
1108 168 1419 222 amous.
1464 166 1682 219 16-18.

209 305 288 371 16
469 304 913 389 Humanitatis
955 327 1108 372 vero
1136 306 1390 372 nullum
1429 305 1680 371 adferre
1722 306 1927 373 maius
1956 307 2235 374 testimo-

191 438 197 461 .
302 389 488 455 nium
518 411 800 475 possum,
831 412 1025 475 quam
1053 390 1227 475 quod
1253 390 1626 457 adulescens
1653 390 1824 456 idem
1852 392 1994 457 seni
2023 391 2233 458 Sullae

302 474 432 540 fuit
470 474 983 560 iucundissimuS,
1026 497 1221 541 senex
1263 474 1656 543 adulescenti
1698 473 1789 540 M.
1819 474 2050 561 Bruto,
2096 498 2234 542 cum

304 559 679 642 aequalibus
720 564 937 626 autem
987 558 1119 625 suis
1169 557 1245 634 Q.
1290 557 1641 626 Hortensio
1686 563 1752 625 et
1792 558 1882 625 M.
1929 558 2236 627 Cicerone

304 644 397 710 sic
425 644 634 742 vixit,
688 647 765 709 ut
805 643 1087 709 iudicare
1140 643 1401 708 difficile
1455 643 1542 709 sit
1552 694 1577 742 ,
1631 643 1737 710 cui
1790 646 1988 709 aetati
2040 645 2239 743 1Juerit

244 731 1711 911 ²31ssffizaffflrffiffiffiffiss
1738 727 1963 911 ἓξὲξ
1991 728 2239 879 Ἥ

237 908 279 979 ,3
307 896 639 962 miharior.
726 915 789 960 ei
830 918 924 961 rei
967 900 1120 962 sunt
1159 897 1398 962 mdiclo
1440 901 1697 981 praeter
1739 917 1849 962 eos
1890 896 2125 981 libros,
2167 920 2238 962 m

308 979 541 1064 quibus
595 979 672 1044 de
717 1000 793 1045 eo
846 980 1006 1045 facit
1045 982 1443 1047 mentionem
1528 981 1643 1066 qui
1694 981 1766 1046 in
1807 980 2042 1066 vulgus
2084 985 2240 1047 *sunt
2370 1056 2377 1067 ⁴

306 1062 480 1161 editi,
522 1063 798 1128 sedecim
851 1065 1182 1129 volumina
1243 1030 1693 1149 epistolarum,
1759 1065 1842 1130 ab
1897 1066 2237 1163 consulatu

305 1169 441 1213 eius
482 1169 685 1232 usque
728 1147 811 1212 ad
864 1151 1220 1227 extremum
1261 1154 1394 1214 tem
1439 1171 1516 1215 us
1558 1149 1642 1215 ad
1683 1149 1974 1214 Atticum
2016 1171 2239 1215 missa-

303 1253 478 1329 n'lm:
522 1232 1568 1383 quatzxqgnlffiassnguffimmomtug
1609 1232 1997 1383 dgisddeelnaiffit
2017 1235 2244 1383 omnia

245 1329 280 1377 4
307 1334 655 1466 &Silis
695 1401 1081 1486 principum,
1121 1401 1300 1467 vitiis
1315 1340 1588 1499 Idunum,
1630 1400 2101 1468 mutationibus
2144 1403 2241 1470 rei

303 1484 598 1569 publicae
651 1486 1005 1570 perscripta
1056 1490 1238 1569 sunt,
1293 1490 1368 1551 ut
1407 1486 1575 1552 nihfl
1615 1486 1688 1550 in
1740 1485 1822 1550 iis
1864 1507 2003 1552 non
2042 1508 2242 1571 appa-
2376 1526 2377 1539 κ

304 1572 443 1633 reat
494 1574 560 1635 et
599 1568 789 1635 facile
833 1570 1185 1635 existimari
1226 1571 1452 1654 possit,
1497 1569 1908 1655 prudentiam
1951 1571 2241 1655 quodam

303 1653 496 1720 modo
540 1675 677 1719 esse
732 1654 1213 1721 divinationem.
1299 1676 1440 1721 non
1494 1654 1669 1720 enim
1725 1653 1949 1721 Cicero
2004 1675 2085 1720 ea
2137 1677 2241 1721 so-

302 1737 470 1822 lum,
513 1758 677 1823 quae
719 1739 869 1805 vivo
913 1760 981 1804 se
1021 1738 1420 1822 acciderunt,
1471 1737 1691 1804 futura
1730 1737 2080 1823 praedixit,
2126 1740 2245 1805 sed

305 1822 498 1887 etiam
575 1842 738 1906 quae
780 1845 955 1889 nunc
995 1845 1118 1889 usu
1159 1823 1460 1905 veniunt,
1507 1823 1741 1888 cecinit
1780 1826 1857 1888 ut
1896 1827 2097 1889 vates.

208 1905 285 1971 17
474 1871 575 1972 15³
627 1907 868 1991 pietate
910 1910 1126 1973 autem
1167 1907 1373 1975 Attici
1460 1907 1571 1973 uid
1611 1908 1800 1994 plura
1850 1928 2244 1975 commemo-

303 1989 488 2056 rem?
559 1993 886 2090 ,mm-hoc
928 1992 1141 2077 ipsum
1181 2014 1331 2058 vere
1446 1993 1766 2059 otiantem
1807 1992 2123 2059 audierim
2166 1995 2255 2060 in·

302 2074 529 2141 funere
561 2081 782 2142 matris
811 2098 985 2160 suae,
1021 2098 1217 2161 quam
1247 2098 1282 2142 e
1430 2078 1478 2143 't
1504 2099 1824 2143 annorum
1849 2079 2240 2163 nonaginta,

303 2181 450 2232 enm
502 2160 640 2244 ipse
693 2164 861 2226 esset
912 2163 1158 2259 septem
1220 2164 1288 2227 et
1326 2161 1704 2260 sexaginta,
1767 2182 1839 2227 se
1877 2182 2241 2247 numquam

2374 1688 2377 1767 ι

2377 1919 2379 2038 4

303 2265 451 2308 cum
491 2247 695 2308 matre
752 2244 824 2308 in
878 2248 1154 2341 gratiam
1205 2244 1472 2329 red1sse,
1525 2266 1879 2332 numquam
1931 2267 2080 2311 cum
2134 2268 2239 2312 so-
2378 2287 2379 2314 l

301 2346 448 2392 rore
488 2324 688 2391 fuisse
729 2328 802 2393 in
844 2329 1198 2414 simultate,
1255 2351 1449 2416 quam
1488 2351 1692 2415 prope
1745 2330 2077 2415 aequalem
2119 2329 2238 2396 ha-

243 2422 276 2473 2
305 2410 516 2476 bebat.
603 2411 778 2495 quod
819 2417 917 2478 est
957 2414 1216 2499 signum
1269 2419 1382 2480 aut
1421 2414 1669 2480 nullam
1710 2435 2017 2499 umquam
2056 2415 2240 2479 inter
2378 2479 2379 2510 ἶ

303 2517 414 2562 eos
458 2496 924 2597 querimoniam
964 2498 1418 2583 intercessisse,
1463 2502 1576 2564 aut
1601 2499 1777 2565 hunc
1814 2520 1892 2566 ea
1911 2497 2118 2597 fuisse
2159 2521 2237 2565 m

241 2601 488 2730 ,aa
495 2579 1099 2765 ansam
1119 2581 2237 2766 {awffibffiffiw

304 2770 498 2832 quam
550 2770 773 2816 omnes
828 2771 888 2817 οι
928 2767 1261 2835 paremus,
1305 2750 1418 2817 sed
1459 2754 1656 2817 etiam
1700 2751 2021 2818 doctrina:
2074 2771 2235 2818 nam

299 2833 666 2918 principum
680 2918 693 2932 ⁸
704 2834 1242 2933 philosophorum
1296 2835 1391 2901 ita
1430 2839 1737 2921 percepta
1781 2835 2011 2902 habuit
2048 2855 2235 2920 prae·

299 2918 879 3069 pleefflaattgsseitilsr‘ad
919 2922 1122 2984 utam
1162 2918 1508 3005 agendam,
1551 2941 1689 2986 non
1730 2919 1813 2986 ad
1856 2921 2235 2987 ostentatio·

206 3081 284 3145 18
471 3083 674 3151 Moris
704 3087 898 3152 etiam
925 3086 1241 3154 maiorum
1284 3109 1569 3155 summus
1596 3088 1885 3155 imitator
1912 3088 2043 3156 fuit
2066 3090 2237 3155 anti-
2374 3161 2379 3168 ,

302 3165 694 3262 quita-{isque
756 3174 1033 3236 amator:
1113 3192 1307 3256 quam
1374 3172 1533 3238 adeo
1598 3173 1944 3260 diligenter
2001 3172 2239 3240 habuit

303 3250 664 3345 cognitam,
695 3257 771 3317 ut
812 3275 954 3318 eam
994 3257 1201 3319 totam
1243 3256 1316 3320 in
1359 3277 1436 3322 eo
1480 3256 1809 3322 volumine
1844 3259 2238 3343 exposuerit,

245 3332 277 3379 ²
308 3343 437 3404 quo
493 3337 905 3412 magmtratus
958 3337 1301 3404 ordinavit.
1396 3339 1579 3405 nulla
1636 3341 1810 3407 enim
1862 3341 1968 3407 lex
2020 3363 2070 3407 n
2151 3364 2239 3408 ue

302 3423 433 3482 pax
469 3426 679 3489 neque
724 3415 964 3481 bellum
990 3439 1200 3502 neque
1242 3442 1345 3488 res
1386 3423 1654 3490 illustris
1697 3428 1796 3491 est
1834 3426 2064 3510 populi
