2409 3825
136 180 317 251 mm]
975 180 1205 236 LIBER.
1969 172 2054 238 35

534 342 889 425 Torquatus
932 342 1075 407 volo
1119 342 1417 426 parvolus

617 426 845 491 Matris
889 447 924 489 e
966 426 1229 511 gremio
1256 446 1405 490 suae

616 509 961 605 Porrigens
1002 512 1255 574 teneras
1297 527 1523 573 manus

532 596 729 659 Dulce
770 593 975 658 ndeat
1014 593 1094 657 ad
1136 596 1383 677 patrem
1956 606 2055 656 215

621 677 984 743 Semhiante
1026 677 1281 742 labello.

537 793 636 860 Sit
678 817 791 859 suo
836 795 1062 860 similis
1104 796 1273 878 patri

617 879 860 943 Manlio
905 884 970 944 et
1009 879 1196 952 facile
1240 879 1495 944 inscieis

617 963 988 1029 Noscitetur
1029 964 1109 1027 ab
1153 964 1448 1029 omnibus

534 1047 624 1111 Et
708 1047 1034 1112 udicitiam
1079 1069 1231 1112 suae
1956 1062 2058 1113 220

692 1132 841 1195 atris
883 1131 1125 1196 indicet
1166 1153 1310 1200 ore..

539 1247 712 1312 Talis
755 1249 926 1313 illius
971 1271 1009 1313 a
1050 1249 1221 1313 bona
1555 1301 1561 1306 .

624 1332 829 1396 Matre
871 1332 1010 1397 laus
1052 1351 1256 1417 genus
1301 1333 1638 1418 adprobet,

622 1415 838 1490 Qualis
880 1416 1069 1482 unica
1110 1417 1189 1480 ab
1233 1418 1481 1500 optima
1888 1450 1894 1456 ·

407 1498 423 1569 ζ
535 1498 744 1564 Matre
786 1499 1164 1565 Telemacho
1208 1505 1428 1565 manet
1958 1514 2058 1564 225

621 1583 819 1649 Fama
859 1583 1242 1668 PenelopeO.

540 1699 830 1766 Claudite
872 1702 1064 1783 ostia,
1109 1702 1420 1787 virgines:

622 1786 917 1850 Lusimus
962 1785 1134 1850 satis,
1194 1789 1291 1868 at,
1335 1787 1528 1851 bonci

622 1868 976 1957 Coniuges,
1018 1870 1179 1935 bene
1222 1870 1416 1949 xsivite
1460 1875 1525 1936 et

537 1952 802 2019 Munere
845 1955 1107 2020 adsiduo
1150 1956 1470 2021 valentem
1958 1971 2060 2020 230

621 2038 931 2105 Exercete
973 2040 1318 2104 inventam.

978 2245 1198 2319 LXII.

116 2359 381 2442 Vesper
409 2358 616 2442 adest,
646 2359 935 2441 iuveneS,
967 2359 1362 2445 consurgite:
1392 2359 1640 2445 Vesper
1670 2361 1946 2447 Olympo

116 2444 488 2527 Expectata
530 2443 640 2507 diu
681 2443 788 2506 vix
830 2443 1091 2508 tandem
1132 2444 1377 2509 lumina
1415 2446 1606 2509 tollit.

124 2528 410 2612 Surgere
438 2528 569 2595 iam
594 2531 876 2612 tempus,
905 2528 1034 2591 iam
1062 2528 1335 2612 pingues
1365 2527 1651 2612 linquere
1678 2552 1933 2594 mensas
1948 2580 1967 2617 ,

116 2612 271 2677 Iam
311 2611 526 2676 veniet
564 2612 777 2697 virgO,
820 2612 948 2696 iam
992 2611 1237 2695 dicetur
1276 2610 1702 2698 Hymenaeus.

213 2718 472 2803 Hymen
501 2742 540 2785 o
570 2720 966 2805 Hymenaee,
1010 2719 1272 2804 Hymen
1299 2720 1447 2787 ades
1481 2743 1520 2786 o
1549 2720 1945 2805 Hymenaee!
2024 2738 2059 2785 5

118 2861 412 2930 Cernitis
424 2911 444 2945 ,
485 2863 820 2948 innuptae,
865 2863 1166 2949 iuvenes?
1215 2864 1581 2962 consurgite
1625 2868 1879 2930 contra:

113 2947 453 3016 Nimirum
498 2947 771 3013 Oetaeos
816 2947 1096 3014 ostendit
1135 2948 1411 3013 noctifer
1450 2970 1654 3034 lgnes.

118 3030 237 3098 Sic
269 3033 546 3117 'certest3
589 3032 780 3097 viden
821 3035 895 3096 ut
936 3032 1279 3115 perniciter
1322 3033 1643 3098 exiluere?

115 3116 287 3182 Non
313 3117 551 3181 temere
581 3117 884 3200 exiluere,
930 3120 1164 3181 'canent
1192 3116 1363 3199 quod
1390 3118 1644 3182 vincere
1672 3139 1790 3202 par
1820 3121 1934 3183 est.

210 3223 474 3308 Hymen
501 3247 540 3291 o
568 3226 972 3311 Hymenaee,
1015 3224 1273 3310 Hymen
1302 3225 1451 3291 ades
1481 3247 1518 3290 o
1549 3226 1945 3310 Hymenaee!
1995 3239 2065 3288 10

117 3370 285 3438 Non
328 3368 534 3434 facilis
576 3369 797 3453 nobis,
843 3368 1166 3453 aequales,
1210 3369 1424 3453 palma
1464 3372 1778 3453 paratast,

114 3453 493 3538 Adspicite,
537 3454 846 3539 innuptae
889 3475 1102 3519 secum
1145 3457 1219 3517 ut
1260 3452 1565 3518 meditata
1604 3454 1956 3536 requirunt.

164 3554 174 3561 .
1686 3553 1756 3606 3*
