2409 3825
1032 154 1114 214 1v
1970 154 2094 218 107

256 321 548 381 adfirmant
569 319 746 396 volgo
768 322 1040 381 taciturna
1063 321 1287 382 silentia
1308 322 1522 400 rumpi,

259 403 712 482 chordarumque
735 421 908 464 sonos
941 405 1094 480 fieri,
1123 403 1422 483 dulcisque
1448 404 1733 484 querellas
1751 450 1771 481 ‚

256 489 396 548 tibia
419 505 557 566 quas
581 486 760 547 fundit
781 487 970 565 digitis
992 488 1213 567 pulsata
1240 498 1566 565 canentum,

258 582 319 632 et
342 589 526 648 genus
560 570 872 647 agricolum
893 570 1008 631 late
1032 573 1351 632 sentiscere
1369 616 1387 648 ‚
1415 590 1584 650 quom
1606 571 1718 631 Pan

127 665 236 718 585
260 657 433 734 pinea
454 654 706 714 semiferi
731 656 935 734 capitis
959 654 1236 715 velamina
1259 672 1534 733 quassans
1726 669 1735 674 ·

261 756 413 798 unco
437 756 612 816 saepe
633 736 795 798 labro
818 736 1064 799 calamos
1089 739 1372 818 percurrit
1393 739 1596 799 hiantis
1612 783 1631 816 ‚

264 820 452 882 fistula
474 820 797 882 silvestrem
820 841 893 882 ne
924 831 1119 882 cesset
1142 821 1379 881 fundere
1401 840 1630 883 musam.

264 916 459 966 cetera
481 904 552 964 de
574 922 791 982 genere
814 905 929 965 hoc
950 915 1199 966 monstra
1225 923 1292 965 ac
1315 916 1575 983 portenta
1601 905 1908 984 loquontur
1925 950 1944 983 ‚

260 1010 338 1048 ne
361 988 490 1048 loca
513 988 740 1049 deserta
762 989 832 1049 ab
856 989 999 1049 divis
1027 1006 1257 1068 quoque
1280 989 1430 1048 forte
1454 999 1724 1068 putentur

122 1082 238 1135 590
260 1071 386 1134 sola
407 1081 623 1132 tenere.
650 1071 780 1131 ideo
801 1074 1009 1132 iactant
1030 1071 1297 1132 miracula
1320 1070 1484 1133 dictis
1500 1119 1518 1150 ‚

261 1165 359 1216 aut
381 1154 567 1234 aliqua
588 1158 804 1216 ratione
830 1155 939 1216 alia
963 1156 1275 1233 ducuntur,
1300 1166 1360 1216 ut
1384 1174 1548 1216 omne

261 1241 558 1299 humanum
578 1258 761 1317 genus
788 1251 877 1301 est
902 1240 1121 1300 avidum
1144 1240 1292 1299 nimi'
1317 1241 1688 1313 miraclorum.

351 1323 516 1396 Quod
540 1334 838 1402 superest,
864 1342 977 1384 non
1002 1324 1417 1394 estmirandum
1441 1343 1549 1402 qua
1569 1325 1785 1384 ratione
1802 1370 1820 1400 ,

261 1425 372 1487 per
394 1406 525 1466 loca
548 1426 692 1486 quae
715 1418 1005 1487 nequeunt
1028 1406 1180 1467 oculi
1204 1426 1300 1468 res
1325 1426 1562 1468 cernere
1584 1418 1807 1487 apertas
1824 1453 1843 1485 ,

127 1500 243 1554 595
265 1492 411 1551 haec
432 1490 564 1550 loca
587 1510 694 1570 per
715 1509 895 1552 voces
917 1493 1142 1552 veniant
1163 1494 1429 1571 aurisque
1452 1490 1772 1567 lacessant,

271 1573 635 1654 conloquium
661 1574 870 1636 clausis
894 1575 1112 1635 foribus
1137 1593 1251 1654 quo
1276 1593 1453 1654 saepe
1484 1576 1768 1641 videmus;

263 1659 519 1718 nimirum
536 1705 553 1736 ‚
582 1661 709 1737 quia
731 1677 846 1719 vox
868 1678 975 1738 per
995 1659 1142 1720 flexa
1164 1659 1432 1718 foramina
1453 1677 1640 1717 rerum

262 1741 562 1802 incolumis
586 1744 825 1803 transire
850 1752 1081 1822 potest,
1108 1741 1406 1803 simulacra
1427 1752 1714 1802 renutant:

261 1825 703 1906 perscinduntur
728 1828 875 1886 enim
889 1873 909 1904 ‚
932 1828 1039 1888 nisi
1062 1837 1221 1887 recta
1245 1827 1514 1886 foramina
1537 1835 1784 1900 tranant,

122 1921 240 1976 600
267 1908 452 1990 qualia
475 1920 604 1971 sunt
626 1913 794 1988 vitri,
820 1913 1052 1991 species
1079 1929 1186 1991 qua
1209 1908 1447 1971 travolat
1470 1913 1665 1972 omnis.

263 2003 563 2074 praeterea
587 1997 761 2073 partis
788 1997 843 2054 in
867 2004 1100 2055 cunctas
1124 1995 1386 2055 dividitur
1405 2012 1520 2054 vox
1535 2040 1552 2070 ‚

264 2096 342 2139 ex
363 2076 487 2137 aliis
510 2076 652 2138 aliae
676 2080 936 2156 quoniam
957 2081 1296 2155 gignuntur,
1327 2078 1421 2138 ubi
1445 2096 1554 2137 una

262 2160 509 2222 dissiluit
531 2161 709 2222 semel
736 2165 792 2220 in
814 2161 1016 2222 multas
1041 2171 1237 2222 exorta
1256 2207 1274 2239 ,
1299 2163 1456 2240 quasi
1478 2164 1625 2239 ignis

263 2263 446 2325 saepe
470 2244 621 2305 solet
647 2245 891 2306 scintilla
915 2263 1050 2306 suos
1075 2265 1141 2305 se
1165 2263 1441 2325 spargere
1464 2247 1520 2304 in
1542 2247 1707 2323 ignis.

119 2340 234 2393 605
264 2346 413 2406 ergo
432 2328 725 2407 replentur
747 2328 876 2389 loca
898 2329 1138 2389 vocibus
1162 2329 1348 2389 abdita
1368 2338 1525 2389 retro

264 2414 451 2472 omnia
472 2431 617 2491 quae
642 2414 852 2473 circum
874 2413 1113 2473 subsunt
1138 2415 1439 2491 sonituque
1466 2415 1700 2472 cientur.

263 2506 324 2557 at
348 2494 642 2556 simulacra
671 2498 777 2556 viis
804 2497 1053 2557 derectis
1079 2498 1261 2557 omnia
1282 2495 1516 2557 tendunt

267 2591 330 2640 ut
360 2589 489 2640 sunt
512 2581 681 2639 missa
704 2579 915 2649 semel;
943 2589 1292 2659 quapropter
1317 2597 1555 2639 cernere
1578 2596 1744 2637 nemo

267 2681 506 2742 saepem
530 2662 675 2723 ultra
695 2666 846 2743 potis
871 2672 962 2724 est
979 2709 997 2739 ‚
1023 2673 1078 2722 at
1100 2681 1283 2723 voces
1304 2664 1571 2740 accipere
1596 2670 1771 2720 extra.

127 2757 244 2810 610
268 2757 331 2808 et
356 2757 542 2806 tamen
567 2748 690 2825 ipsa
714 2765 942 2826 quoque
968 2746 1113 2807 haec
1128 2793 1147 2825 ‚
1176 2745 1305 2805 dum
1326 2746 1524 2805 transit
1548 2744 1739 2805 clausa
1761 2744 2095 2817 domorum,
2126 2720 2173 2819 <

264 2848 385 2891 vox
407 2830 735 2909 optunditur
755 2841 925 2910 atque
950 2832 1098 2891 auris
1134 2830 1372 2890 confusa
1394 2836 1654 2908 penetrat
1671 2874 1690 2905 .,

266 2923 328 2975 et
352 2915 597 2974 sonitum
619 2916 807 2992 potius
832 2931 994 2992 quam
1017 2914 1193 2974 verba
1217 2913 1409 2974 audire
1433 2911 1703 2971 videmur.

353 2996 514 3074 Nec,
541 2999 635 3076 qui
665 3001 937 3073 sentimus
960 3016 1154 3057 sucum
1170 3042 1187 3073 ‚
1213 2996 1405 3074 lingua
1429 3004 1598 3075 atque
1625 2993 1867 3074 palatum

267 3078 596 3160 plusculum
616 3081 824 3141 habent
846 3083 903 3140 in
926 3100 991 3141 se
1015 3082 1247 3141 rationis
1271 3079 1401 3159 plus
1426 3097 1732 3160 operaeve.

126 3174 241 3227 615
266 3165 557 3244 principio
583 3183 781 3225 sucum
804 3165 1077 3225 sentimus
1103 3166 1158 3223 in
1185 3181 1286 3225 ore
1302 3209 1320 3240 ‚
1350 3164 1537 3223 cibum
1561 3181 1687 3222 cum

265 3246 585 3307 mandendo
609 3250 969 3327 exprimimus
987 3293 1005 3325 ‚
1032 3267 1140 3308 ceu
1166 3246 1390 3326 plenam
1413 3248 1711 3326 spongiam
1734 3246 1895 3323 aquai

267 3333 448 3409 siquis
473 3331 623 3391 forte
652 3350 814 3392 manu
840 3350 1103 3410 premere
1127 3349 1195 3391 ac
1220 3332 1441 3390 siccare
1468 3332 1679 3408 coepit.

267 3416 400 3475 inde
426 3415 580 3494 quod
604 3417 966 3495 exprImimus
991 3432 1097 3495 per
1130 3412 1322 3473 caulas
1357 3430 1520 3473 omne
1543 3412 1715 3493 palati
