2409 3825
312 171 399 240 62
1125 172 1433 230 CATvnm
1975 176 2237 247 {Lxxm

528 335 816 416 Prodest,
863 335 1059 400 immo
1106 333 1300 398 etiam
1338 334 1559 399 taedet
1599 334 1908 419 obestque
1948 339 2159 424 magis

376 434 410 486 ὅ
438 420 530 487 Vt
570 419 760 504 mihi,
806 440 994 503 quem
1035 439 1228 483 nemo
1270 419 1528 503 gravius
1557 441 1675 484 nec
1705 421 1995 486 acerbius
2025 425 2242 506 urget,
2361 485 2362 496 ,

523 506 731 581 Quam
767 503 962 570 modo
1007 503 1118 587 qui
1164 522 1268 567 me
1312 523 1511 567 unum
1539 507 2048 654 gltqluqlffigptum
2089 508 2243 570 ami-

2357 645 2363 732 ἰ

1090 776 1452 852 LXXIIH.
2357 777 2365 877 Ι

439 908 697 1007 Gellius⁸
727 908 1015 1006 audierat
1054 911 1353 1005 patruum
1397 907 1734 994 obiurgare
1777 911 2015 994 solere,
2359 923 2365 1016 J

522 993 734 1077 Siquis
779 993 1041 1057 dehc1as
1087 991 1326 1059 dlceret
1366 995 1479 1057 aut
1519 993 1774 1058 faceret.

432 1076 578 1142 Hoc
619 1099 702 1141 ne
745 1077 869 1161 ipsi
911 1075 1256 1159 accideret,
1298 1076 1511 1161 patrui
1552 1076 1922 1161 perdepsuit
1961 1079 2175 1161 ipsam

519 1160 799 1225 onrem
844 1163 909 1225 et
948 1164 1244 1244 patruom
1286 1160 1563 1225 reddidit
1603 1160 2084 1245 Harpocratem.

370 1259 405 1310 b
437 1244 621 1323 Quod
662 1244 868 1309 voluit
908 1244 1092 1310 fecit:
1147 1267 1330 1328 nam,
1375 1245 1664 1328 quamvis
1707 1246 1987 1311 intumet
2025 1247 2246 1330 ipsum

517 1329 581 1396 N
585 1350 710 1393 unc
751 1332 1047 1413 patruom
1061 1378 1080 1412 ‚
1123 1329 1387 1393 verbum
1430 1350 1566 1393 non
1608 1330 1803 1394 faciet
1842 1336 2125 1414 patruos.
2359 1371 2367 1442 1

1092 1577 1449 1650 LXXVII.

431 1708 599 1774 Rufe
641 1709 802 1775 mihi
843 1710 1083 1774 frustra
1125 1730 1200 1773 ac
1241 1709 1624 1793 nequiquam
1668 1709 1906 1775 credite
1948 1710 2157 1776 amico

519 1793 855 1878 (Frustra‘?
887 1794 1082 1859 immo
1112 1814 1350 1878 magno
1382 1815 1526 1857 cum
1555 1795 1762 1877 pretio
1793 1799 1985 1877 atque
2015 1795 2239 1880 malo),
2365 1837 2366 1850 κ

434 1877 646 1946 Sicine
690 1878 1008 1963 subrepsti
1049 1878 1207 1961 mei,
1251 1880 1440 1961 atque
1481 1877 1787 1943 intestina
1826 1900 2136 1964 perurens
2193 1903 2200 1908 ’

517 1962 600 2027 Ei
642 1964 876 2028 misero
922 1963 1215 2046 eripuisti
1258 1963 1475 2026 omnia
1514 1968 1737 2028 nostra
1777 1964 1992 2031 bona?

366 2060 401 2111 ὅ
430 2046 545 2112 Eri
591 2049 773 2132 nisti,
817 2047 944 2112 heu
985 2047 1113 2112 heu
1154 2050 1413 2111 nostrae
1458 2047 1709 2112 crudele
1750 2069 2070 2114 venenum

577 2132 734 2216 itae,
778 2131 906 2196 heu
947 2131 1073 2196 heu
1115 2134 1374 2196 nostrae
1415 2132 1615 2214 pestis
1659 2132 1993 2197 amicitiae.

433 2214 557 2281 Sed
598 2236 771 2280 nunc
812 2215 880 2279 id
925 2216 1141 2298 doleo,
1188 2214 1358 2299 quod
1401 2237 1597 2298 purae
1637 2238 1798 2299 pura
1838 2216 2091 2300 puellae

514 2298 702 2364 Savia
744 2300 1098 2364 conminxit
1141 2319 1372 2383 spurca
1416 2299 1617 2363 saliva
1658 2303 1786 2364 tua.

427 2380 668 2450 Verum
710 2383 778 2447 id
819 2404 956 2448 non
984 2383 1225 2467 inpune
1254 2383 1450 2448 feres:
1495 2405 1645 2448 nam
1688 2388 1753 2447 te
1784 2384 1999 2448 omnia
2028 2385 2240 2452 saecla

331 2480 398 2532 10
508 2466 824 2551 Noscent,
872 2470 937 2533 et
978 2469 1088 2552 qui
1132 2467 1221 2531 sis
1265 2467 1436 2531 fama
1479 2468 1776 2552 loquetur
1816 2489 1995 2534 anus..

1071 2715 1466 2791 LXXVIII.
2363 2736 2368 2773 ¹

425 2846 648 2913 Gallus
689 2847 885 2912 habet
934 2848 1164 2913 fratres
1174 2897 1194 2931 ‚
1255 2850 1587 2945 quorumst
1638 2848 2030 2933 lepidissima
2081 2868 2229 2914 con·
2351 2850 2368 2907 ἴ

1520 2955 1675 2997 1unx

509 3015 823 3099 AlteriuS‚
868 3016 1116 3100 lepidus
1159 3016 1328 3081 filius
1372 3017 1651 3081 alterius.

426 3098 650 3164 Gallus
690 3100 948 3164 homost
987 3100 1228 3165 bellus:
1273 3123 1424 3165 nam
1466 3100 1684 3165 dulces
1722 3101 1937 3184 iungit
1963 3122 2228 3187 amores,

509 3180 671 3244 Cum
714 3203 911 3264 puero
955 3188 1029 3247 ut
1071 3184 1241 3248 bello
1286 3184 1459 3248 bella
1499 3185 1716 3268 puella
1758 3186 1962 3250 cubet.

360 3271 394 3319 5
425 3260 647 3324 Gallus
689 3264 950 3328 homost
990 3268 1225 3332 stultus
1266 3288 1389 3332 nec
1432 3289 1501 3332 se
1529 3267 1705 3331 videt
1732 3290 1872 3333 esse
1911 3269 2226 3351 maritum,

506 3340 632 3414 Qui
670 3351 936 3426 patruos
979 3351 1192 3431 patrui
1235 3355 1553 3416 monstret
1595 3351 1993 3417 adulterium.
2202 3351 2208 3359 ’
