2409 3825
321 131 406 198 52
904 150 1050 198 x1v.
1084 189 1090 201 ,
1127 149 1475 200 DATAMES.
1519 147 1569 196 5.
1613 146 1667 200 o.

263 381 294 431 a
323 283 920 434 tssssefss‘ssffdffissffi
949 283 2250 438 adzffiusst'ssfiffl‘ssuffiimffffi

368 453 700 537 erscripta⁴³
720 454 780 518 ei
820 389 1048 537 m'itffl,
1092 454 1164 518 in
1209 455 1441 537 quibus
1485 391 1673 520 ffdaoet
1714 394 1973 521 eunimisn
2015 396 2254 544 mag&

200 614 209 623 .
320 475 462 601 {ore
528 537 846 622 periculo,
919 539 975 602 si
1042 538 1197 622 quid
1260 538 1374 603 illo
1441 539 1799 623 imperante
1869 541 2124 606 adversi
2188 544 2256 607 in

263 633 296 682 4
324 624 624 706 Aegypto
681 574 1029 687 accidisset.
1127 643 1407 706 namque
1464 645 1606 689 eam
1660 645 1796 688 esse
1852 627 2256 691 consuetudi-

322 728 472 771 nem
516 707 789 791 regiam,
834 709 909 770 ut
950 728 1132 772 casus
1186 708 1487 773 adversos
1529 708 1901 773 hominibus
1943 712 2254 795 tribuant,

323 790 635 855 secundos
688 792 987 856 fortunae
1043 813 1224 856 suae:
1291 813 1420 876 quo
1473 793 1612 857 fieri
1669 797 1744 858 ut
1800 792 1989 859 facile
2032 795 2256 879 impel-

198 912 203 917 -
320 875 540 939 lantur
582 874 665 938 ad
708 896 930 939 eorum
970 876 1341 960 perniciem,
1386 897 1661 961 quorum
1698 877 1900 942 ductu
1942 899 2045 943 res
2088 881 2257 944 male

321 962 539 1043 gestae
581 959 980 1025 nuntientur.
1062 960 1416 1033 illumfflhoc
1456 961 1699 1026 maiore
1742 962 1883 1026 fore
1924 964 1997 1027 in
2042 963 2260 1028 discri-

323 1042 516 1124 mine,
564 1041 753 1125 quod,
800 1044 1030 1127 quibus
1074 1067 1188 1109 rex
1216 1038 1491 1110 maxime
1522 1045 1838 1128 oboediat,
1884 1068 1994 1112 eos
2023 1048 2261 1113 habeat

146 1175 231 1226 V.
263 1138 296 1188 ὅ
325 1126 819 1192 inimicissimos,
899 1128 1135 1194 talibus
1178 1130 1289 1194 ille
1332 1130 1561 1194 litteris
1596 1132 1891 1215 cognitis,
1937 1153 2086 1214 qum
2126 1134 2260 1197 iam

323 1211 404 1275 ad
448 1211 796 1276 exercitum
837 1214 1018 1278 Acen
1048 1214 1356 1297 venisset,
1404 1214 1575 1298 quod
1617 1236 1754 1280 non
1795 1217 2140 1301 ignorabat
2184 1239 2260 1281 ea

322 1317 472 1361 vere
517 1296 770 1381 scripta,
817 1297 1162 1363 desciscere
1205 1320 1247 1361 a
1288 1319 1438 1446 reffe
1481 1299 1833 1364 constituit.
1909 1322 2121 1385 neque
2164 1304 2257 1366 ta-

322 1402 474 1445 men
546 1381 846 1466 uicquam
889 1383 1069 1467 fecit,
1128 1382 1301 1467 quod
1391 1383 1468 1447 de
1511 1405 1629 1447 sua
1675 1388 1842 1449 esset
1891 1385 2256 1470 indignum.

263 1478 297 1527 6
326 1486 480 1530 nam
595 1466 942 1538 androclen
973 1467 1081 1532 Ma
1175 1471 1343 1532 etem
1388 1468 1692 1532 exercitui
1735 1469 2075 1552 praefecit:
2117 1471 2257 1554 ipse

323 1573 471 1616 cum
535 1551 666 1615 suis
730 1552 802 1616 in
861 1552 1080 1635 Cappa
1123 1552 1330 1616 ociam
1395 1551 1661 1616 discedit
1718 1554 2256 1638 coniunctamque

319 1634 475 1700 huic
527 1637 1040 1723 Paphlagoniam
1097 1640 1397 1720 occupat,
1449 1636 1691 1720 celans,
1749 1658 1878 1720 qua
1918 1637 2258 1703 voluntate

323 1723 491 1785 esset
531 1721 603 1784 in
644 1743 878 1807 regem.
967 1721 1133 1786 clam
1176 1728 1322 1785 cum
1361 1719 1798 1786 Ariobarzane
1840 1721 1999 1786 facit
2040 1724 2259 1788 amici-

320 1805 510 1887 tiam,
564 1825 830 1871 manum
884 1809 1242 1890 comparat,
1297 1806 1490 1870 urbes
1541 1806 1824 1871 munitas
1882 1806 2017 1872 suis
2070 1812 2257 1873 tuen·

323 1887 436 1954 das
475 1888 691 1956 tradit.

248 1975 291 2040 6
495 1971 620 2039 Sed
674 1976 834 2052 haec
885 1978 1150 2061 propter
1203 1974 1480 2040 hiemale
1531 1978 1801 2060 tempus·
1837 1977 2052 2043 minus
2109 1998 2257 2062 pro-

321 2079 506 2142 spere
567 2061 1025 2144 procedebant..
1062 2065 1069 2074 '
1128 2060 1310 2126 audit
1358 2060 1606 2125 Pisidas
1671 2060 1979 2144 quasdam
2035 2063 2257 2146 copias

321 2143 624 2209 adversus
669 2166 734 2209 se
776 2167 1025 2227 parare.
1111 2144 1318 2209 filium
1361 2164 1437 2209 eo
1467 2140 1824 2210 ‘Arsideum
1877 2166 2026 2211 cum
2080 2168 2258 2212 exer-

321 2227 452 2291 citu
495 2228 726 2292 mittit:
772 2228 940 2292 cadit
981 2229 1052 2293 in
1079 2230 1328 2313 proelio
1360 2228 1747 2295 adulescens.
1823 2230 2259 2314 proficiscitur

321 2331 396 2376 eo
439 2315 625 2395 pater
666 2333 803 2376 non
855 2311 948 2376 ita
989 2334 1137 2378 cum
1178 2334 1417 2399 magna
1464 2335 1691 2398 manu,
1749 2313 1962 2379 celans
1973 2364 1993 2398 ,
2051 2335 2259 2399 quan-

317 2396 459 2461 tum
487 2396 721 2461 vulnus
765 2398 1140 2481 accepisset,
1188 2398 1362 2483 quod
1401 2400 1583 2482 prius
1627 2397 1709 2463 ad
1750 2398 2002 2463 hostem
2079 2421 2263 2464 erve-

316 2480 459 2545 nire
493 2481 807 2565 cupiebat,
852 2504 1046 2565 quam
1091 2482 1168 2547 de
1213 2482 1379 2547 male
1424 2504 1494 2546 re
1537 2486 1720 2568 gesta
1760 2482 1935 2547 fama
1977 2505 2017 2548 a
2104 2506 2261 2549 suos

316 2566 705 2651 perveniret,
749 2588 830 2630 ne
864 2567 1127 2652 cognita
1153 2567 1274 2630 filii
1299 2571 1507 2631 morte
1538 2567 1737 2631 animi
1767 2566 2263 2632 debilitarentur

258 2660 291 2712 2
320 2652 617 2717 militum.
679 2671 807 2734 quo
838 2649 1272 2733 contenderat,
1302 2653 1598 2735 pervenit
1624 2652 1832 2736 iisque
1857 2652 2015 2716 locis
2045 2656 2263 2718 castra

315 2737 522 2819 ponit,
567 2738 642 2800 ut
680 2756 890 2819 neque
935 2734 1256 2800 circumiri
1284 2735 1696 2801 multitudine
1739 2735 2266 2806 adversariorum

253 2912 289 2964 ε
317 2819 1475 2988 83302333331313333353352&
1474 2821 2259 2973 ΠὲῗαὲΡέιῗέἶοἮίἳὲἶ

315 2989 659 3071 barzaneS,
700 3007 883 3053 socer
924 2988 1059 3053 eius
1180 2989 1495 3054 raefectus
1540 2990 1845 3073 equitum.
1932 2991 1988 3055 is
2033 2993 2258 3074 despe-

314 3073 473 3135 ratis
564 3071 741 3136 eneri
782 3072 973 3136 rebus
1017 3038 1099 3136 ad
1190 3077 1362 3138 ostes
1402 3074 1770 3172 transfugit.
1849 3073 1917 3138 id
1943 3074 2257 3143 Datames

315 3155 391 3212 ut
432 3174 516 3214 au
565 3154 708 3236 'vit,
765 3156 993 3240 sensit,
1051 3156 1106 3219 si
1150 3156 1222 3220 in
1274 3158 1532 3222 turbam
1575 3161 1809 3223 exrsset
1861 3160 1943 3223 ab
1981 3157 2256 3227 homine

314 3233 452 3292 tam
493 3236 848 3301 necessario
903 3259 969 3301 se
1013 3239 1336 3324 relictum,
1391 3239 1683 3306 futdrum
1725 3245 1800 3305 ut
1853 3245 2052 3309 anteri
2100 3267 2256 3312 con-

257 3320 294 3368 4
321 3308 535 3373 silium
564 3322 997 3402 sequerentur,
1040 3323 1112 3386 in
1146 3325 1378 3409 vulgus
1420 3325 1578 3389 edit:
1623 3331 1740 3391 suo
1770 3326 1947 3416 iussu
1977 3328 2255 3395 Mithro-

316 3387 657 3458 barzanem
707 3401 1067 3481 profectum
1119 3428 1239 3489 pro
1293 3409 1596 3493 perfuga,
1663 3430 1790 3492 quo
1845 3411 2099 3477 facilius
2157 3436 2254 3480 re·
