2409 3825
232 314 445 393 194,
1134 312 1273 373 ’vr

401 480 639 541 Atthide
667 488 1012 559 temptantur
1042 498 1280 560 gressus
1298 525 1314 557 ,
1341 479 1610 560 oculique
1638 483 1692 540 in
1725 481 1978 544 Achaeis

239 579 371 630 1115
406 567 628 626 linibus.
654 563 784 624 inde
808 564 933 627 aliis
957 565 1099 626 alius
1124 564 1289 624 locus
1316 573 1405 624 est
1428 565 1685 625 inimicus

406 650 658 729 partibus
688 667 756 707 ac
777 650 1078 710 membris:
1103 650 1292 707 varius
1323 650 1619 708 concinnat
1644 649 1697 708 id
1726 656 1842 709 aer.

404 734 641 813 proinde
671 732 767 791 ubi
795 751 861 793 se
888 732 1107 793 caelum
1139 731 1290 810 quod
1313 732 1478 792 nohis
1504 732 1652 793 forte
1677 733 1916 793 alienum

409 826 729 877 commovet
758 824 929 894 atque
961 823 1061 876 aer
1088 817 1347 876 inimicus
1375 834 1612 895 serpere
1640 820 1864 896 coepit,

410 912 469 961 ut
491 899 697 961 nebula
721 894 790 959 ac
820 901 1004 961 nubes
1031 898 1297 978 paulatim
1325 902 1472 979 repit
1500 910 1558 961 ct
1585 918 1749 960 omne

241 997 382 1049 1120
415 1004 522 1065 qua
548 983 801 1062 graditur
826 986 1124 1045 conturbat
1154 993 1214 1044 et
1240 985 1530 1043 immutare
1562 994 1783 1045 coactat
1801 1032 1817 1062 ‚

411 1071 468 1129 fit
495 1086 727 1148 quoque
750 1078 810 1128 ut
829 1115 846 1147 ,
873 1071 930 1128 in
954 1078 1207 1129 nostrum
1234 1086 1359 1127 cum
1382 1070 1537 1127 venit
1562 1068 1806 1147 denique
1834 1067 2055 1128 caelum
2077 1111 2105 1146 ,

411 1160 731 1229 corrumpat
752 1152 1065 1232 reddatque
1089 1153 1175 1213 sui
1209 1153 1393 1211 simile
1413 1161 1581 1230 atque
1608 1153 1866 1212 alienum.

410 1239 554 1297 haec
573 1238 745 1313 igitur
768 1238 955 1297 subito
990 1236 1183 1296 clades
1209 1252 1354 1295 nova
1377 1234 1776 1315 pestilitasque

412 1330 506 1381 aut
530 1322 584 1379 in
607 1324 781 1397 aquas
814 1321 961 1380 cadit
986 1329 1079 1380 aut
1103 1320 1302 1396 fruges
1323 1319 1563 1398 persidit
1587 1322 1643 1380 in
1665 1324 1817 1400 ipsas

245 1416 380 1468 1125
410 1415 501 1465 aut
532 1402 673 1464 alios
706 1403 987 1463 hominum
1011 1414 1213 1483 pastus
1234 1402 1635 1483 pecudumque
1668 1405 1882 1465 cibatus
1907 1449 1923 1480 ‚

412 1497 505 1548 aut
525 1489 693 1547 etiam
715 1505 994 1567 suspensa
1016 1497 1204 1547 manet
1223 1488 1312 1545 vis
1335 1494 1469 1547 aere
1500 1489 1553 1546 in
1586 1490 1714 1566 ipso
1733 1534 1750 1565 ‚

415 1583 472 1632 ct
492 1618 508 1648 ‚
535 1589 660 1630 cum
685 1573 967 1649 spirantes
993 1572 1192 1631 mixtas
1217 1570 1348 1630 hinc
1381 1571 1634 1632 ducimus
1659 1591 1820 1632 auras
1837 1619 1855 1649 ,

413 1656 508 1716 illa
534 1672 762 1734 quoque
786 1656 841 1713 in
867 1673 1077 1734 corpus
1101 1656 1314 1733 pariter
1335 1655 1574 1716 sorbere
1603 1649 1900 1716 necessest

418 1738 695 1801 consimili
716 1740 935 1798 ratione
964 1741 1120 1799 venit
1144 1739 1328 1799 bubus
1357 1756 1584 1818 quoque
1611 1757 1787 1818 saepe

249 1834 384 1887 1130
413 1821 694 1904 pestilitas
726 1831 783 1882 et
808 1824 911 1882 iam
937 1825 1115 1902 pigris
1137 1822 1455 1882 balantibus
1477 1841 1700 1901 aegror.

414 1927 523 1967 nec
547 1905 726 1966 refert
754 1916 936 1967 utrum
964 1925 1069 1968 nos
1094 1909 1148 1967 in
1174 1905 1302 1967 loca
1330 1906 1692 1968 deveniamus
1808 1972 1814 1979 ,

415 1993 580 2051 nobis
604 1989 842 2051 adversa
867 2001 926 2051 et
958 1991 1101 2051 caeli
1129 2001 1408 2051 mutemus
1433 1993 1692 2051 amictum
1710 2039 1727 2068 ‚

417 2095 484 2135 an
511 2074 727 2135 caelum
751 2075 915 2135 nobis
938 2074 1088 2134 ultro
1113 2083 1307 2134 natura
1330 2076 1593 2135 alienum

419 2158 638 2218 deferat
664 2169 756 2218 aut
779 2157 988 2237 aliquid
1015 2178 1128 2238 quo
1153 2177 1265 2219 non
1286 2160 1681 2219 consuevimus
1707 2160 1785 2218 uti
1802 2204 1819 2237 ,

256 2241 571 2342 1135sqfl0d
605 2259 711 2300 nos
740 2241 987 2303 adventu
1009 2245 1194 2321 possit
1216 2252 1495 2321 temptare
1522 2245 1759 2302 recenti.

505 2324 660 2384 Haec
683 2327 824 2384 ratio
850 2327 1127 2403 quondam
1152 2327 1474 2386 morborum
1499 2335 1557 2386 et
1580 2326 1759 2385 morti'
1787 2324 1908 2386 fera

424 2408 626 2469 finibus
651 2408 706 2466 in
737 2406 1017 2489 Cecropis
1044 2410 1303 2469 funestos
1329 2409 1572 2470 reddidit
1595 2426 1766 2487 agros

420 2494 774 2570 vastavitque
797 2495 918 2553 vias
937 2539 953 2571 ,
981 2494 1239 2553 exhausit
1271 2494 1490 2554 civibus
1516 2494 1729 2553 urbem.

420 2595 547 2636 nam
569 2579 795 2655 penitus
817 2579 1056 2637 veniens
1078 2577 1332 2656 Aegypti
1357 2577 1548 2636 finibu‘
1573 2578 1803 2637 morbus
1826 2622 1843 2654 ‚

256 2670 392 2723 1140
420 2669 552 2721 aera
575 2678 911 2738 permensus
932 2660 1160 2721 multum
1194 2677 1542 2740 camposque
1571 2663 1806 2721 natantis
1824 2707 1842 2738 ,

421 2745 675 2804 incubuit
699 2744 921 2805 tandem
950 2744 1167 2824 populo
1191 2743 1489 2804 Pandionis
1513 2747 1679 2804 omni.

424 2828 551 2888 inde
581 2831 905 2887 catervatim
926 2829 1125 2888 morbo
1149 2829 1430 2907 mortique
1453 2828 1740 2888 dabantur.

425 2913 707 2990 principio
739 2921 908 2989 caput
929 2914 1223 2972 incensum
1249 2911 1477 2972 fervore
1502 2913 1779 2989 gerebant

426 3006 483 3056 et
509 2995 751 3074 duplicis
775 2995 977 3055 oculos
1002 2997 1214 3056 suffusa
1242 2995 1374 3055 lucc
1396 2997 1688 3056 rubentes,

261 3086 395 3139 1145
426 3078 697 3140 sudabant
721 3082 886 3139 etiam
915 3080 1111 3140 fauces
1132 3083 1472 3140 intrinsecus
1496 3089 1649 3140 atrae

430 3164 701 3238 sanguine
721 3209 739 3240 ,
767 3172 825 3223 et
850 3162 1141 3224 ulceribus
1163 3166 1327 3224 vocis
1355 3166 1445 3224 via
1469 3174 1664 3242 saepta
1691 3162 1914 3240 coibat,

431 3252 601 3320 atque
625 3247 789 3305 animi
811 3248 1093 3325 interpres
1118 3248 1374 3307 manahat
1396 3246 1585 3324 lingua
1612 3264 1814 3306 cruore
1836 3292 1852 3322 ‚

433 3324 718 3388 debilitata
738 3328 898 3391 malis
914 3376 931 3407 ‚
954 3340 1109 3391 motu
1132 3334 1321 3408 gravis
1339 3376 1356 3407 ,
1381 3341 1585 3409 aspera
1615 3340 1784 3391 tactu.

433 3406 563 3463 inde
595 3410 689 3467 ubi
712 3429 818 3488 per
839 3412 1035 3474 fauces
1061 3424 1266 3493 pectus
1292 3413 1606 3492 complerat
1631 3425 1689 3478 et
1713 3417 1896 3493 ipsum

270 3493 404 3544 1150
430 3488 679 3548 morbida
702 3495 866 3553 visin
892 3513 992 3555 cor
1011 3506 1288 3558 maestum
1313 3497 1660 3556 confluxerat
1690 3499 1879 3575 aegris
1896 3543 1916 3575 ,

440 3572 618 3628 omnia
639 3580 753 3632 tum
779 3593 919 3635 vero
940 3581 1071 3640 vitai
1102 3580 1344 3641 claustra
1367 3579 1647 3640 lababant.
