2409 3825
352 100 445 165 42
1174 106 1480 166 cATvLm
2049 108 2289 181 [ann.

486 267 578 333 Vt
617 271 768 352 pote
809 269 1023 335 fallaci
1066 291 1228 353 quae
1267 272 1406 333 tum
1446 268 1725 353 primum
1769 268 1980 334 excita
2025 290 2254 334 somno

487 351 823 418 Desertam
865 355 934 419 in
979 354 1117 419 sola
1156 354 1456 418 miseram
1499 374 1567 418 se
1607 357 1831 418 cernat
1863 374 2089 418 arena.

486 437 812 502 Inmemor
853 440 921 501 at
961 438 1205 502 iuvenis
1248 437 1503 523 fugiens
1546 438 1730 521 pellit
1769 438 1934 503 vada
1974 439 2174 502 remis
2187 487 2210 522 ‚

487 521 692 585 Inrita
734 524 1034 586 ventosae
1076 522 1371 605 linquens
1412 522 1727 605 promissa
1765 522 2108 605 procellae.

384 619 459 668 60
488 606 689 681 Quem
731 605 956 689 procul
1001 627 1079 671 ex
1121 606 1271 690 alga
1309 606 1570 670 maestis
1613 605 1852 670 Minois
1897 606 2124 670 ocellis
2131 654 2153 690 ‚

492 689 694 754 Saxea
734 692 809 754 ut
851 690 1095 774 effigies
1137 688 1541 772 bacchantiS,
1584 690 1922 774 prospicit,
1969 689 2169 773 eheu,
2355 749 2362 750 ff

488 773 811 857 Prospicit
853 777 918 838 et
956 773 1209 858 magnis
1251 795 1543 838 curarum
1584 774 1850 837 fluctuat
1888 774 2112 857 undis,
2373 751 2383 900 1

487 856 554 923 N
557 878 643 921 on
682 858 846 922 flavo
889 858 1172 922 retinens
1217 857 1515 921 subtilem
1556 858 1793 922 vertice
1832 858 2127 942 mitram,

487 939 643 1005 Non
684 944 979 1007 contecta
1020 942 1144 1006 levi
1185 944 1228 1024 †
1266 942 1545 1005 velatum
1585 945 1809 1024 pectus
1851 942 2126 1026 amictu,

386 1038 459 1088 65
487 1024 640 1090 Non
679 1026 868 1090 tereti
911 1024 1197 1109 strophio
1242 1025 1551 1090 lactantes
1593 1026 1811 1090 vincta
1850 1026 2163 1110 papillas,

492 1109 725 1175 Omnia
766 1130 926 1192 quae
967 1112 1106 1173 toto
1150 1110 1411 1193 delapsa
1452 1132 1487 1174 e
1531 1130 1795 1193 corpore
1837 1110 2080 1193 passim

493 1192 706 1277 Ipsius
749 1195 897 1257 ante
940 1192 1132 1276 pedes
1174 1194 1403 1258 fluctus
1447 1194 1599 1258 salis
1642 1193 2048 1258 adludebant.

492 1276 605 1342 Set
629 1298 835 1361 neque
863 1280 1002 1341 tum
1028 1278 1255 1342 mitrae
1283 1299 1488 1362 neque
1515 1281 1652 1342 tum
1684 1278 1994 1342 fluitantis
2019 1278 2303 1343 amictus
2377 1311 2383 1322 ⁴

493 1360 619 1426 Illa
659 1362 862 1425 vicem
907 1382 1133 1426 curans
1175 1364 1314 1426 toto
1359 1383 1438 1426 ex
1477 1364 1542 1426 te
1582 1363 1868 1445 pectore,
1912 1361 2201 1448 Theseu,

389 1458 463 1508 70
490 1445 654 1510 Toto
699 1446 945 1529 animo,
988 1448 1128 1510 tota
1167 1445 1489 1530 pendebat
1527 1446 1780 1529 perdita
1815 1448 2050 1511 mente.

491 1530 554 1593 A
595 1529 854 1612 misera,
898 1529 1176 1595 adsiduis
1222 1552 1413 1613 quam
1454 1529 1728 1594 luctibus
1772 1530 2136 1595 externavit

495 1613 799 1697 Spinosas
842 1614 1121 1697 Erycina
1163 1635 1379 1679 serens
1420 1614 1491 1678 in
1530 1612 1788 1698 pectore
1830 1635 2015 1678 curas

492 1698 618 1761 Illa
656 1701 1034 1781 tempestate
1051 1748 1070 1782 ‚
1114 1698 1299 1763 ferox
1341 1719 1533 1783 quom
1572 1699 1803 1763 robore
1845 1697 2138 1764 Theseus

493 1781 809 1866 Egressus
855 1782 1062 1847 curvis
1107 1804 1141 1846 e
1184 1782 1478 1848 litoribus
1522 1781 1730 1847 Piraei

389 1878 460 1929 ‘75
489 1866 731 1952 Attigit
770 1865 994 1931 iniusti
1035 1888 1104 1932 re
1155 1867 1205 1931 's
1250 1866 1349 1932 Go

491 1950 663 2016 Nam
702 1951 1042 2035 perhibent
1083 1888 1238 2015 offim
1280 1973 1392 2017 cru
1436 1952 1520 2016 eli
1559 1955 1738 2034 peste
1782 1953 2072 2016 coactam

494 2035 999 2133 Androgeoneae
1039 2057 1282 2132 poenas
1327 2036 1615 2100 exolvere
1660 2035 1868 2099 caedis

1500 1867 1562 1931 ia
1602 1869 1790 1931 tecta.

493 2118 752 2184 Electos
794 2141 1051 2183 iuvenes
1095 2119 1285 2183 simul
1328 2122 1393 2184 et
1435 2120 1625 2184 decus
1666 2119 2082 2204 innuptarum
2371 1956 2383 2145 A

496 2201 868 2288 Cecropiam
912 2203 1173 2268 solitam
1210 2225 1347 2268 esse
1391 2204 1617 2288 dapem
1661 2203 1808 2268 dare
1850 2203 2259 2271 Minotauro.

391 2301 464 2350 80
493 2287 649 2361 Quis
692 2290 965 2372 angusta
1004 2289 1190 2352 malis
1234 2309 1378 2353 cum
1418 2287 1672 2367 moenia
1712 2290 2130 2368 vexarentur,

494 2371 640 2454 Ipse
684 2392 866 2436 suom
908 2370 1191 2436 Theseus
1234 2394 1351 2456 pro
1396 2373 1556 2436 caris
1600 2392 1827 2457 corpus
1870 2371 2155 2437 Athenis
2381 2388 2382 2399 ¹

495 2454 788 2520 Proicere
833 2457 1081 2540 optavit
1121 2457 1336 2540 potius
1379 2477 1569 2540 quam
1611 2456 1770 2519 talia
1812 2453 2071 2520 Cretam

495 2539 745 2605 Funera
787 2539 1129 2625 Cecropiae
1170 2563 1291 2605 nec
1333 2541 1558 2605 funera
1597 2542 2031 2623 portarentur,

494 2625 709 2708 Atque
749 2624 840 2688 ita
879 2646 1043 2689 nave
1085 2625 1213 2689 levi
1252 2626 1465 2689 nitens
1509 2645 1598 2701 ac*
1625 2624 1872 2689 lenibus
1916 2623 2088 2687 auris

390 2722 462 2772 85
493 2708 975 2792 Magnanimum
1018 2709 1096 2772 ad
1141 2709 1362 2773 Minoa
1403 2709 1580 2773 venit
1621 2707 1922 2791 sedesque
1966 2708 2310 2791 superbas.

495 2792 687 2856 Hunc
731 2792 998 2857 simulac
1040 2792 1268 2876 cupido
1314 2792 1645 2876 conspexit
1686 2792 1925 2856 lumine
1965 2792 2156 2876 virgo

493 2876 728 2961 Regia,
773 2898 962 2960 quam
1006 2878 1217 2941 suavis
1261 2899 1338 2941 ex
1384 2877 1555 2941 irans
1599 2878 1808 2939 castus
1853 2875 2085 2939 odores

495 2961 793 3025 Lectulus
834 2962 905 3025 in
947 2961 1126 3025 molli
1170 2982 1334 3045 conp
1364 2981 1484 3025 exu
1525 2959 1747 3024 matris
1789 2958 2030 3041 alebat,
2381 2982 2382 3027 3

497 3045 727 3120 Quales
770 3044 1052 3109 Eurotae
1092 3066 1210 3129 pro
1264 3045 1492 3130 ‘gnunt
1531 3044 1797 3108 flumina
1834 3045 2087 3126 myrtus
2378 3032 2383 3136 1

394 3140 466 3187 90
493 3129 748 3191 Aurave
791 3128 1126 3193 distinctos
1169 3151 1204 3193 e
1249 3129 1383 3192 ucit
1422 3150 1617 3192 verna
1659 3127 1934 3210 coloreS‚

495 3209 648 3273 Non
663 3292 677 3305 ·
689 3211 864 3293 prius
909 3232 987 3274 ex
1028 3212 1142 3276 illo
1185 3212 1529 3297 flagrantia
1572 3211 1915 3275 declinavit
2351 3162 2383 3300 ἡ.

495 3288 791 3374 Lumma,
838 3314 1026 3375 quam
1071 3299 1299 3359 cuncto
1344 3296 1639 3379 concepit
1667 3315 1931 3378 corpore
1973 3295 2320 3366 flammam

493 3367 804 3438 Funditus
851 3379 1038 3458 atque
1081 3378 1227 3442 imis
1273 3380 1508 3444 exarsit
1548 3381 1686 3444 tota
1726 3377 2048 3447 medullis.
