2409 3825
1269 225 1351 286 111

468 409 596 450 nam
621 409 748 450 cum
770 393 1050 472 respicias
1073 394 1310 454 inmensi
1334 397 1613 471 temporis
1640 412 1804 455 omne

473 476 837 553 praeteritum
859 478 1130 554 spatium,
1154 485 1271 536 tum
1295 486 1480 537 motus
1504 478 1757 537 materiai

470 557 811 618 multimodis
835 576 999 637 quam
1023 560 1170 637 sint,
1198 558 1370 620 facile
1395 560 1508 620 hoc
1531 560 1844 622 adcredere
1869 565 2057 642 possis
2077 610 2093 639 ‚

323 651 444 706 855
475 643 690 702 semina
714 660 892 720 saepe
915 644 972 701 in
997 644 1203 703 eodem
1224 689 1243 720 ‚
1268 653 1329 704 ut
1352 661 1500 704 nunc
1531 653 1691 722 sunt,
1719 646 1914 706 ordine
1939 657 2103 724 posta

472 725 616 785 haec
640 725 872 803 eadem,
899 725 1105 804 quibus
1129 745 1163 785 e
1186 745 1334 788 nunc
1358 744 1463 789 nos
1487 746 1677 788 sumus
1696 775 1713 807 ‚
1745 739 1873 790 ante
1895 731 2104 790 fuisse:

470 827 581 869 nec
604 810 836 869 memori
858 818 1046 870 tamen
1075 808 1132 869 id
1157 813 1377 889 quimus
1406 810 1833 889 reprehendere
1859 822 2080 873 mente:

470 895 617 952 inter
638 895 787 952 enim
806 894 1014 953 iectast
1035 895 1169 952 vitai
1190 912 1367 972 pausa
1382 941 1399 973 ,
1429 913 1694 975 vageque

357 1040 378 1046 ,
472 976 798 1036 deerrarunt
820 978 1032 1054 passim
1057 987 1244 1037 motus
1268 979 1338 1039 ab
1362 980 1625 1039 sensibus
1652 997 1867 1040 omnes.

328 1069 448 1122 860
468 1058 642 1119 debet
667 1062 846 1136 enim,
870 1062 1080 1120 misere
1106 1063 1153 1122 si
1183 1061 1333 1122 forte
1358 1079 1650 1141 aegreque
1679 1063 2016 1142 futurumst,

470 1145 599 1221 ipse
628 1161 856 1222 quoque
881 1162 1015 1204 esse
1041 1146 1097 1202 in
1120 1162 1193 1204 eo
1217 1155 1332 1205 tum
1357 1155 1615 1225 tempore
1632 1191 1650 1224 ,
1681 1149 1770 1207 cui
1794 1146 1940 1208 male
1966 1151 2147 1227 possit

470 1225 766 1287 accidere:
790 1226 846 1285 id
874 1229 1135 1305 quoniam
1154 1246 1310 1289 mors
1335 1232 1561 1307 eximit,
1589 1248 1839 1310 esseque
1866 1233 2072 1310 probet

471 1308 626 1370 illum
650 1312 741 1370 cui
766 1313 986 1389 possint
1009 1313 1365 1374 incommoda
1397 1312 1721 1393 conciliari,

471 1395 621 1455 scire
644 1392 781 1454 licet
802 1395 970 1455 nobis
994 1395 1072 1455 nil
1103 1415 1237 1457 esse
1259 1399 1319 1456 in
1346 1408 1528 1457 morte
1551 1398 1887 1476 timendum,

329 1486 444 1541 865
469 1495 579 1537 nec
600 1478 867 1538 miserum
894 1478 1015 1538 lieri
1038 1481 1134 1557 qui
1158 1498 1274 1540 non
1298 1492 1387 1541 est
1412 1498 1589 1559 posse
1607 1528 1626 1559 ‚
1650 1500 1840 1560 neque
1862 1481 2034 1541 hilum

471 1560 699 1621 differre
721 1570 851 1622 ante
874 1559 993 1622 ullo
1015 1561 1188 1625 fuerit
1210 1566 1317 1624 iam
1340 1574 1600 1644 tempore
1623 1575 1785 1625 natus
1804 1611 1822 1643 ‚

467 1642 762 1705 mortalem
784 1648 954 1706 vitam
976 1665 1127 1707 mors
1151 1667 1279 1708 cnm
1302 1648 1611 1710 inmortalis
1637 1650 1862 1710 ademit.

552 1727 792 1789 Proinde
821 1730 917 1789 ubi
942 1749 1007 1790 se
1031 1730 1228 1793 videas
1257 1732 1544 1792 hominem
1566 1732 1909 1810 indignarier
1934 1733 2117 1812 ipsum
2134 1780 2152 1812 ,

468 1821 603 1890 post
623 1821 863 1872 mortem
886 1813 1010 1874 fore
1034 1824 1094 1876 ut
1116 1826 1211 1876 aut
1237 1825 1500 1896 putescat
1525 1833 1771 1895 corpore
1795 1827 1965 1896 posto

322 1903 444 1960 870
464 1905 558 1957 aut
581 1894 814 1958 flammis
835 1898 1077 1964 interfiat
1099 1899 1336 1961 malisve
1359 1899 1599 1960 ferarum
1619 1947 1637 1979 ,

468 1981 621 2041 scire
650 1978 788 2042 licet
819 1999 931 2049 non
955 1984 1241 2043 sincerum
1264 2000 1470 2058 sonere
1487 2031 1505 2063 ‚
1529 1995 1697 2065 atque
1723 1985 1967 2045 subesse

468 2082 703 2124 caecum
724 2063 1152 2143 aliquem'cordi
1176 2068 1458 2128 stimulum
1475 2115 1492 2147 ,
1523 2070 1776 2148 quamvis
1800 2079 1974 2145 neget
2003 2061 2145 2148 ipse*

409 2146 1163 2255 Quemquam
1185 2154 1296 2213 sibi
1320 2171 1551 2213 sensum
1574 2154 1629 2212 in
1652 2162 1833 2213 morte
1856 2152 2130 2212 futurum:

464 2248 579 2291 non
594 2276 612 2309 ,
636 2241 695 2291 ut
719 2234 952 2313 opinor,
979 2236 1128 2295 enim
1152 2234 1245 2296 dat
1273 2237 1425 2316 quod
1447 2237 1721 2317 promittit
1747 2245 1805 2300 et
1829 2236 1975 2295 unde
1996 2283 2012 2313 ‚

323 2322 442 2384 875
467 2333 502 2373 n
544 2332 577 2374 c
600 2314 869 2377 radicitus
892 2336 925 2376 e
947 2320 1063 2379 vita
1087 2337 1152 2378 se
1176 2319 1328 2393 tollit
1352 2330 1411 2385 et
1434 2322 1602 2398 eicit,

494 2463 510 2476 κ
592 2398 726 2465 facit
751 2419 884 2467 esse
908 2404 995 2484 sui
1019 2401 1283 2481 quiddam
1308 2423 1484 2482 super
1510 2406 1725 2470 inscius
1749 2406 1898 2482 ipsc.

463 2484 627 2553 vivus
653 2478 811 2544 eniin'
829 2485 940 2546 sibi
969 2504 1095 2545 cum
1117 2488 1388 2565 proponit
1412 2490 1652 2567 quisque
1685 2489 1926 2548 futurum
1947 2533 1964 2563 ,

467 2582 678 2645 corpus
700 2569 780 2626 uti
799 2567 1068 2629 volucres
1090 2568 1349 2631 lacerent
1375 2574 1430 2630 in
1453 2581 1633 2630 morte
1660 2571 1933 2649 feraeque
1952 2617 1970 2647 ,

413 2711 424 2718 ,
462 2651 590 2729 ipse
620 2651 705 2710 sui
727 2652 988 2713 miseret:
1012 2670 1200 2732 neque
1232 2657 1381 2713 enim
1404 2673 1468 2715 se
1493 2653 1686 2725 dividit
1720 2652 1859 2713 illim

322 2733 443 2797 880
469 2751 580 2793 nec
602 2744 859 2795 removet
883 2737 1017 2796 satis
1033 2782 1051 2814 ‚
1076 2754 1107 2796 a
1130 2739 1393 2815 proiecto
1418 2754 1664 2817 corpore
1682 2782 1700 2814 ‚
1728 2746 1785 2796 et
1813 2734 1965 2794 illum

462 2836 530 2878 se
560 2817 717 2893 lingit
747 2837 1034 2899 sensuque
1060 2839 1164 2880 suo
1189 2823 1529 2883 contaminat
1550 2830 1769 2882 astans:

460 2900 594 2960 hinc
616 2900 932 2979 indignatur
952 2922 1017 2963 se
1040 2903 1337 2964 mortalem
1361 2924 1496 2966 esse
1522 2915 1772 2964 creatum
1789 2949 1806 2981 ‚

460 3001 572 3044 nec
593 2984 749 3045 videt
772 2987 829 3044 in
851 3004 986 3064 vera
1009 2985 1225 3059 nullum
1247 2988 1373 3065 1⁶93&
1396 2999 1578 3049 morte
1602 2986 1771 3061 aliq-m
1792 3007 1859 3059 se
1876 3034 1894 3066 ‚

461 3068 557 3146 qui
583 3069 765 3144 possit
786 3071 948 3130 vivus
972 3071 1081 3130 sibi
1100 3090 1166 3132 se
1186 3069 1391 3149 lugere
1416 3080 1812 3151 peremptum,

315 3160 737 3240 sewansque
760 3154 1040 3214 iacentem
1061 3174 1129 3215 se
1146 3154 1388 3217 lacerari
1412 3157 1570 3215 urive
1602 3154 1966 3235 Q...-

460 3251 586 3293 nam
607 3237 655 3295 si
679 3236 735 3294 in
757 3246 939 3296 morte
963 3237 1225 3298 malumst
1247 3238 1407 3299 malis
1431 3256 1737 3319 morsuque
1767 3239 2011 3299 ferarum

459 3320 724 3397 tractari,
747 3337 860 3379 non
883 3322 1109 3381 invenio
1136 3324 1230 3400 qui
1260 3341 1373 3382 non
1404 3326 1475 3383 sit
1497 3324 1767 3383 acerbum

457 3401 688 3477 ignibus
717 3404 1023 3480 inpositum
1053 3404 1251 3466 calidis
1274 3415 1599 3467 torrescere
1625 3406 1856 3467 flammis
1874 3451 1892 3483 ‚

455 3494 549 3545 aut
576 3486 633 3544 in
663 3485 836 3547 melle
861 3489 1029 3547 situm
1050 3488 1317 3548 suffocari
1339 3498 1508 3566 atque
1532 3492 1723 3566 rigere
