2409 3825
277 172 381 216 vm
1064 162 1485 221 PRAEFATIO.

276 335 714 405 transpositione.
761 331 1069 404 Aliquoties
1108 332 1256 386 enim
1287 332 1382 387 ubi
1422 331 1812 388 Lachmannus
1837 348 1871 387 a
1894 332 2147 388 codicum
2185 351 2278 388 or·

276 418 408 472 dine
441 417 682 485 recedit,
734 434 837 471 nos
878 416 1132 472 ordinem
1162 415 1312 470 illum
1351 416 1705 473 servavimus
1745 418 1839 472 vel
1880 416 2000 473 sine
2039 418 2157 485 ulla,
2183 418 2280 474 vel

270 518 404 555 cum
438 502 666 556 minima
697 502 997 557 verborum
1029 498 1352 555 mutatione.
1411 499 1710 571 Utriusque
1750 500 1833 555 rei
1867 502 2126 574 exempla
2174 518 2276 556 ex-

278 601 531 722 prgmam
566 603 596 641 e
627 586 807 658 primo
848 583 1011 643 libro..
1082 583 1160 639 Ibi
1195 582 1326 640 inde
1361 600 1395 639 a
1430 600 1604 641 versu
1632 588 1734 642 565
1771 583 1862 640 hic
1902 592 1987 639 est
2016 585 2277 642 codicum

272 685 342 722 or
386 687 447 723 oe

485 748 585 799 565
624 747 724 797 huc
744 749 939 797 accedit
957 748 1054 805 uti,
1078 746 1390 797 solidissima
1420 750 1649 798 materiai

619 831 832 882 corpora
848 832 961 865 cum
983 824 1213 866 constant
1226 852 1240 874 ,
1262 819 1462 881 possint
1477 825 1644 867 tamen
1666 818 1835 867 omnia
1853 818 1998 868 reddi

620 885 794 934 mollia
815 900 944 947 quae
960 884 1114 944 flunt,
1134 888 1246 944 aer,
1267 900 1397 949 aqua
1411 924 1425 947 ‚
1452 893 1587 935 terra
1601 922 1615 946 ,
1635 900 1878 951 vapores»,

620 970 720 1017 quo
739 961 886 1019 pacto
904 955 1024 1004 flant
1048 962 1096 1004 et
1118 969 1217 1018 qua
1234 954 1286 1004 vi
1310 970 1538 1018 quaeque
1565 963 1830 1021 gerantur,

620 1024 898 1072 admixtum
919 1024 1155 1086 quoniam
1178 1023 1333 1073 semel
1356 1032 1432 1073 est
1455 1026 1505 1073 in
1528 1024 1680 1073 rebus
1699 1024 1848 1073 inane

274 1126 351 1181 tbi
381 1144 440 1182 v.
474 1130 577 1185 568
611 1126 786 1184 deleri
820 1127 994 1183 voluit
1014 1114 1326 1182 ‘Bentleius
1357 1126 1623 1193 iuvenis’;
1657 1125 2046 1181 Lachmannus
2069 1132 2274 1196 autem,

268 1211 364 1265 cui
391 1216 519 1282 post
541 1211 641 1268 567
665 1198 1020 1266 ‘sententiam
1050 1211 1476 1282 interrumpere'
1496 1210 1654 1266 visus
1680 1216 1793 1277 est,
1828 1210 2121 1265 collocavit
2147 1226 2275 1265 eum

274 1301 400 1365 post
422 1299 542 1363 585,
563 1296 657 1350 ubi
687 1294 734 1350 si
768 1295 949 1354 minus
979 1296 1268 1366 molesme,
1293 1300 1443 1349 certe
1474 1294 1795 1364 neutiquam
1811 1294 2165 1349 necessarius
2189 1294 2275 1349 vi·

270 1378 395 1434 deri
420 1384 620 1449 potest.
705 1378 918 1434 Verum
944 1395 1014 1436 ne
1040 1384 1168 1451 post
1189 1382 1292 1437 567
1318 1377 1545 1448 quidem
1567 1378 1878 1439 molestiam
1902 1376 2065 1433 affert
2084 1379 2280 1446 ullam,‘

274 1462 581 1517 dummodo
610 1462 772 1518 reddi
800 1465 985 1521 v.·566
1016 1481 1085 1519 eo
1123 1460 1439 1534 SIgnificatu
1470 1460 1801 1533 accipiatur,
1834 1476 1944 1531 quo
1982 1461 2180 1516 dicitur
2209 1462 2272 1516 11.

275 1548 394 1613 178,
423 1548 523 1604 179
546 1546 721 1615 ==V,
756 1550 872 1617 196,
901 1549 1002 1606 197

617 1640 714 1691 hoc
733 1649 900 1690 tamen
922 1656 985 1691 ex
1004 1641 1132 1705 ipsis
1151 1640 1277 1691 caeli
1297 1642 1578 1691 rationibus
1599 1641 1762 1689 ausim

618 1709 914 1759 confirmare
932 1710 1149 1773 aliisque
1168 1725 1233 1759 ex
1249 1712 1401 1761 rebus
1420 1710 1640 1760 reddere
1658 1709 1844 1763 multis.

274 1795 386 1849 Illic
417 1796 562 1849 enim
594 1799 791 1867 procul
829 1796 998 1852 dubio
1034 1797 1270 1853 reddere
1304 1798 1454 1853 idem
1493 1799 1645 1854 valet
1681 1797 1830 1868 quod
1865 1797 2125 1851 rationem
2147 1798 2276 1851 red·

270 1879 421 1946 dere,
438 1879 704 1950 probare.
765 1880 980 1934 Eodem
1006 1880 1175 1935 modo
1205 1875 1253 1935 s'i
1283 1881 1340 1935 in
1371 1879 1511 1952 hoc,
1544 1881 1615 1936 de
1642 1896 1750 1953 quo
1773 1881 2008 1954 agimuS‚
2035 1880 2159 1935 loco
2192 1880 2277 1936 di-

272 1962 412 2016 citur
443 1963 619 2030 reddi,
651 1963 934 2033 aptissime
962 1979 1165 2018 versus
1190 1968 1295 2022 568
1316 1965 1669 2035 coniungitur
1693 1981 1815 2020 cum
1838 1981 2013 2020 versu
2033 1967 2136 2024 567
2161 1966 2274 2019 sict

273 2045 323 2099 si
358 2046 536 2100 solida
576 2053 703 2101 sunt
730 2046 1034 2117 primordia
1075 2062 1294 2115 rerum,
1336 2063 1531 2102 omnes
1558 2063 1682 2116 res,
1721 2064 1865 2118 quae
1895 2049 2092 2103 molles
2119 2047 2276 2118 fiunt,

272 2130 489 2200 possint
526 2130 751 2200 probari
797 2135 962 2200 atque
1004 2130 1223 2185 ostendi
1257 2147 1366 2201 quo
1409 2136 1575 2202 pacto
1612 2147 1682 2187 ex
1714 2132 1908 2187 solidis
1950 2131 2276 2203 primordiis

270 2213 408 2267 flant
429 2213 652 2282 molles,
677 2213 806 2284 quia
834 2213 1136 2268 admixtum
1171 2220 1255 2269 est
1275 2217 1444 2270 rebus
1476 2215 1661 2270 inane.
1737 2214 1939 2271 Contra

879 2309 923 2357 si
940 2307 1113 2358 mollia
1140 2310 1242 2358 sint
1257 2309 1532 2375 primordia
1551 2323 1717 2358 rerum

482 2375 578 2426 571
615 2376 750 2426 unde
770 2386 954 2439 queant
984 2377 1140 2428 validi
1158 2377 1331 2428 silices
1352 2378 1638 2441 ferrumque
1658 2377 1814 2428 creari

618 2458 718 2494 non
737 2446 924 2510 poterit
946 2449 1080 2497 ratio
1098 2448 1264 2500 reddi.

276 2547 485 2601 Horum
517 2548 680 2618 igitur
721 2564 987 2603 versuum
1019 2550 1346 2605 tralaticium
1377 2549 1632 2604 ordinem
1671 2549 1794 2602 sine
1829 2548 1941 2602 ulla
1969 2547 2276 2602 verborum

274 2631 578 2686 mutatione
600 2631 755 2686 tutati
792 2649 1003 2687 sumne.
1074 2635 1133 2688 In
1167 2636 1342 2689 altero
1388 2633 1642 2688 eiusdem
1680 2630 1844 2703 primi
1896 2630 2017 2685 libri
2046 2630 2172 2686 loco
2216 2636 2276 2685 ut

269 2715 673 2785 transponendi
698 2733 872 2788 opera
904 2718 1411 2789 supersedeamuS,
1446 2715 1828 2772 recedendum
1871 2713 2095 2785 quidem
2127 2721 2210 2768 est
2241 2731 2273 2769 a

275 2804 587 2852 nostrorum
618 2799 872 2854 codicum
895 2802 1197 2872 scriptura,
1233 2815 1416 2870 neque
1445 2806 1633 2855 tamen
1656 2800 1729 2855 ad
1759 2799 2107 2854 coniecturas
2138 2814 2272 2853 eon·

272 2882 618 2954 fugiendum,
648 2882 752 2939 sed
775 2885 882 2938 alia
911 2884 1210 2940 auctoritas
1235 2883 1527 2954 sequenda
1549 2884 1753 2939 nostris
1776 2882 2061 2939 codicibus
2089 2880 2272 2936 haud-

267 2981 551 3036 quaquam
576 2966 838 3021 deterior.
918 2967 1135 3023 Etenim
1166 2968 1297 3023 inde
1333 2983 1368 3022 a
1400 2983 1573 3024 versu
1610 2971 1711 3027 805
1753 2967 1835 3022 sic
1861 2970 2041 3022 exstat
2083 2966 2138 3018 in
2175 2982 2270 3020 co·

264 3048 519 3104 dicibusz

478 3144 583 3196 805
626 3152 674 3193 et
694 3144 793 3193 nisi
815 3150 1090 3210 tempestas
1110 3146 1343 3212 indulget
1362 3156 1587 3212 tempore
1608 3147 1774 3196 fausto

616 3213 861 3263 imbribus
880 3221 932 3264 et
946 3215 1064 3264 tabe
1085 3216 1368 3266 nimborum
1389 3218 1594 3266 arbusta
1610 3215 1843 3265 vacillent

616 3279 795 3343 solque
812 3297 903 3332 aua
921 3297 1014 3348 pro
1034 3291 1179 3348 parte
1198 3284 1334 3334 fovet
1354 3285 1624 3347 tribuitque
1644 3282 1862 3332 calorem

617 3364 841 3400 crescere
860 3366 960 3401 non
979 3353 1176 3417 possint
1199 3352 1371 3417 fruges
1392 3354 1595 3402 arbusta
1616 3353 1881 3400 animantis

268 3435 331 3489 {n
353 3435 461 3490 hoc
484 3452 750 3492 versuum
774 3436 970 3494 ordine
997 3452 1122 3493 cum
1159 3457 1217 3491 v.
1243 3443 1345 3496 806
1369 3439 1753 3493 coniunctivus
1788 3438 1988 3493 modus
2020 3437 2276 3492 vacillent
