<?xml version="1.0" encoding="UTF-8"?>
<!DOCTYPE html PUBLIC "-//W3C//DTD XHTML 1.0 Transitional//EN"
    "http://www.w3.org/TR/xhtml1/DTD/xhtml1-transitional.dtd">
<html xmlns="http://www.w3.org/1999/xhtml" xml:lang="en" lang="en">
 <head>
  <title>
</title>
<meta http-equiv="Content-Type" content="text/html;charset=utf-8" />
  <meta name='ocr-system' content='tesseract 3.04.00' />
  <meta name='ocr-capabilities' content='ocr_page ocr_carea ocr_par ocr_line ocrx_word'/>
</head>
<body>
  <div class='ocr_page' id='page_1' title='image "./tlucreticarider01unkngoog_0036.png"; bbox 0 0 2409 3825; ppageno 0'>
   <div class='ocr_carea' id='block_1_1' title="bbox 299 176 1315 289">
    <p class='ocr_par' dir='ltr' id='par_1_1' title="bbox 299 176 1315 289">
     <span class='ocr_line' id='line_1_1' title="bbox 299 176 1315 289; baseline -0.003 -44"><span class='ocrx_word' id='word_1_1' title='bbox 299 176 384 252; x_wconf 78' lang='lat'><strong>16</strong></span> <span class='ocrx_word' id='word_1_2' title='bbox 1053 273 1067 289; x_wconf 79' lang='lat'><em>,</em></span> <span class='ocrx_word' id='word_1_3' title='bbox 1286 178 1315 242; x_wconf 85' lang='lat'>1</span> 
     </span>
    </p>
   </div>
   <div class='ocr_carea' id='block_1_2' title="bbox 299 323 2130 3536">
    <p class='ocr_par' dir='ltr' id='par_1_2' title="bbox 299 323 2076 2024">
     <span class='ocr_line' id='line_1_2' title="bbox 471 323 1792 428; baseline 0.002 -22"><span class='ocrx_word' id='word_1_4' title='bbox 471 364 636 427; x_wconf 89' lang='lat' dir='ltr'><strong>quam</strong></span> <span class='ocrx_word' id='word_1_5' title='bbox 662 366 861 414; x_wconf 82' lang='lat' dir='ltr'><strong>rursus</strong></span> <span class='ocrx_word' id='word_1_6' title='bbox 882 347 1072 410; x_wconf 84' lang='lat' dir='ltr'><strong>refici·</strong></span> <span class='ocrx_word' id='word_1_7' title='bbox 1057 336 1228 428; x_wconf 67' lang='lat' dir='ltr'><strong>,lqua</strong></span> <span class='ocrx_word' id='word_1_8' title='bbox 1229 323 1466 428; x_wconf 83' lang='lat' dir='ltr'><strong>propter</strong></span> <span class='ocrx_word' id='word_1_9' title='bbox 1488 349 1662 425; x_wconf 84' lang='lat' dir='ltr'><strong>longa</strong></span> <span class='ocrx_word' id='word_1_10' title='bbox 1681 348 1792 410; x_wconf 83' lang='lat' dir='ltr'><strong>diei</strong></span> 
     </span>
     <span class='ocr_line' id='line_1_3' title="bbox 469 433 1768 517; baseline 0.003 -27"><span class='ocrx_word' id='word_1_11' title='bbox 469 433 681 493; x_wconf 82' lang='lat' dir='ltr'><strong>infinita</strong></span> <span class='ocrx_word' id='word_1_12' title='bbox 701 442 856 492; x_wconf 87' lang='lat' dir='ltr'><strong>aetas</strong></span> <span class='ocrx_word' id='word_1_13' title='bbox 881 441 1019 493; x_wconf 86' lang='lat' dir='ltr'><strong>ante</strong></span> <span class='ocrx_word' id='word_1_14' title='bbox 1038 434 1152 493; x_wconf 83' lang='lat' dir='ltr'><strong>acti</strong></span> <span class='ocrx_word' id='word_1_15' title='bbox 1174 434 1449 517; x_wconf 87' lang='lat' dir='ltr'><strong>temporis</strong></span> <span class='ocrx_word' id='word_1_16' title='bbox 1476 440 1654 498; x_wconf 75' lang='lat' dir='ltr'><strong>onmis</strong></span> <span class='ocrx_word' id='word_1_17' title='bbox 1759 475 1768 480; x_wconf 21' lang='grc' dir='ltr'><strong><em>Α</em></strong></span> 
     </span>
     <span class='ocr_line' id='line_1_4' title="bbox 471 503 2076 599; baseline 0.003 -24"><span class='ocrx_word' id='word_1_18' title='bbox 471 515 624 594; x_wconf 84' lang='lat' dir='ltr'><strong>quod</strong></span> <span class='ocrx_word' id='word_1_19' title='bbox 646 514 941 596; x_wconf 79' lang='lat' dir='ltr'><strong>fregisset</strong></span> <span class='ocrx_word' id='word_1_20' title='bbox 938 514 1129 576; x_wconf 85' lang='lat' dir='ltr'><strong>adhuc</strong></span> <span class='ocrx_word' id='word_1_21' title='bbox 1154 505 1473 578; x_wconf 82' lang='lat' dir='ltr'><strong>disturbans</strong></span> <span class='ocrx_word' id='word_1_22' title='bbox 1500 503 1975 599; x_wconf 53' lang='lat' dir='ltr'><strong>dissolutamque,</strong></span> <span class='ocrx_word' id='word_1_23' title='bbox 2069 581 2076 588; x_wconf 74' lang='grc'>,</span> 
     </span>
     <span class='ocr_line' id='line_1_5' title="bbox 340 597 1802 688; baseline -0.001 -25"><span class='ocrx_word' id='word_1_24' title='bbox 340 610 448 665; x_wconf 80' lang='grc'><strong>560</strong></span> <span class='ocrx_word' id='word_1_25' title='bbox 468 618 765 688; x_wconf 80' lang='lat' dir='ltr'><strong>numquam</strong></span> <span class='ocrx_word' id='word_1_26' title='bbox 785 597 1006 660; x_wconf 84' lang='lat' dir='ltr'><strong>relicuo</strong></span> <span class='ocrx_word' id='word_1_27' title='bbox 1028 600 1280 682; x_wconf 80' lang='lat' dir='ltr'><strong>reparari</strong></span> <span class='ocrx_word' id='word_1_28' title='bbox 1301 608 1558 680; x_wconf 85' lang='lat' dir='ltr'><strong>tempore</strong></span> <span class='ocrx_word' id='word_1_29' title='bbox 1582 610 1802 684; x_wconf 85' lang='lat' dir='ltr'><strong>posset.</strong></span> 
     </span>
     <span class='ocr_line' id='line_1_6' title="bbox 466 671 1756 762; baseline 0.002 -18"><span class='ocrx_word' id='word_1_30' title='bbox 466 695 521 744; x_wconf 90' lang='lat' dir='ltr'><strong>at</strong></span> <span class='ocrx_word' id='word_1_31' title='bbox 550 699 732 761; x_wconf 82' lang='lat' dir='ltr'><strong>nunc,</strong></span> <span class='ocrx_word' id='word_1_32' title='bbox 761 677 1049 761; x_wconf 68' lang='lat' dir='ltr'><strong>nimirum,</strong></span> <span class='ocrx_word' id='word_1_33' title='bbox 1073 671 1369 762; x_wconf 86' lang='lat' dir='ltr'><strong>frangendi</strong></span> <span class='ocrx_word' id='word_1_34' title='bbox 1393 684 1610 746; x_wconf 88' lang='lat' dir='ltr'><strong>reddita</strong></span> <span class='ocrx_word' id='word_1_35' title='bbox 1633 685 1756 747; x_wconf 86' lang='lat' dir='ltr'><strong>finis</strong></span> 
     </span>
     <span class='ocr_line' id='line_1_7' title="bbox 470 762 2066 848; baseline 0.001 -19"><span class='ocrx_word' id='word_1_36' title='bbox 470 779 627 829; x_wconf 87' lang='lat' dir='ltr'><strong>certa</strong></span> <span class='ocrx_word' id='word_1_37' title='bbox 648 776 835 828; x_wconf 89' lang='lat' dir='ltr'><strong>manet</strong></span> <span class='ocrx_word' id='word_1_38' title='bbox 851 762 1161 847; x_wconf 60' lang='lat' dir='ltr'><strong>,quoniam</strong></span> <span class='ocrx_word' id='word_1_39' title='bbox 1178 769 1340 835; x_wconf 82' lang='lat' dir='ltr'><strong>refici</strong></span> <span class='ocrx_word' id='word_1_40' title='bbox 1362 786 1484 829; x_wconf 88' lang='lat' dir='ltr'><strong>rem</strong></span> <span class='ocrx_word' id='word_1_41' title='bbox 1508 763 1786 848; x_wconf 75' lang='lat' dir='ltr'><strong>quamq&#39;ue</strong></span> <span class='ocrx_word' id='word_1_42' title='bbox 1810 769 2066 831; x_wconf 85' lang='lat' dir='ltr'><strong>videmus</strong></span> 
     </span>
     <span class='ocr_line' id='line_1_8' title="bbox 468 851 1705 931; baseline 0.002 -18"><span class='ocrx_word' id='word_1_43' title='bbox 468 862 526 913; x_wconf 87' lang='lat' dir='ltr'><strong>et</strong></span> <span class='ocrx_word' id='word_1_44' title='bbox 551 853 701 912; x_wconf 78' lang='lat' dir='ltr'><strong>finita</strong></span> <span class='ocrx_word' id='word_1_45' title='bbox 724 851 887 928; x_wconf 72' lang='lat' dir='ltr'><strong>simul</strong></span> <span class='ocrx_word' id='word_1_46' title='bbox 902 854 1224 930; x_wconf 81' lang='lat' dir='ltr'><strong>generatim</strong></span> <span class='ocrx_word' id='word_1_47' title='bbox 1246 863 1504 931; x_wconf 85' lang='lat' dir='ltr'><strong>tempora</strong></span> <span class='ocrx_word' id='word_1_48' title='bbox 1523 853 1705 916; x_wconf 77' lang='lat' dir='ltr'><strong>rebus</strong></span> 
     </span>
     <span class='ocr_line' id='line_1_9' title="bbox 468 921 1873 1032; baseline 0.001 -36"><span class='ocrx_word' id='word_1_49' title='bbox 468 929 618 997; x_wconf 84' lang='lat' dir='ltr'><strong>stare</strong></span> <span class='ocrx_word' id='word_1_50' title='bbox 636 934 882 1032; x_wconf 74' lang='lat' dir='ltr'><strong>,quibus</strong></span> <span class='ocrx_word' id='word_1_51' title='bbox 907 921 1129 1014; x_wconf 67' lang='lat' dir='ltr'><strong>possifit</strong></span> <span class='ocrx_word' id='word_1_52' title='bbox 1148 938 1278 998; x_wconf 88' lang='lat' dir='ltr'><strong>aevi</strong></span> <span class='ocrx_word' id='word_1_53' title='bbox 1301 938 1636 1014; x_wconf 87' lang='lat' dir='ltr'><strong>contingere</strong></span> <span class='ocrx_word' id='word_1_54' title='bbox 1659 937 1873 998; x_wconf 87' lang='lat' dir='ltr'><strong>florem.</strong></span> 
     </span>
     <span class='ocr_line' id='line_1_10' title="bbox 338 1017 1605 1134; baseline -0.003 -51"><span class='ocrx_word' id='word_1_55' title='bbox 338 1031 441 1087; x_wconf 80' lang='lat'><strong>565</strong></span> <span class='ocrx_word' id='word_1_56' title='bbox 462 1020 575 1080; x_wconf 91' lang='lat' dir='ltr'><strong>huc</strong></span> <span class='ocrx_word' id='word_1_57' title='bbox 594 1020 890 1134; x_wconf 69' lang='lat' dir='ltr'><strong>accedit</strong></span> <span class='ocrx_word' id='word_1_58' title='bbox 846 1017 956 1097; x_wconf 73' lang='lat' dir='ltr'><strong>uti,</strong></span> <span class='ocrx_word' id='word_1_59' title='bbox 987 1017 1332 1090; x_wconf 86' lang='lat' dir='ltr'><strong>solidissima</strong></span> <span class='ocrx_word' id='word_1_60' title='bbox 1353 1022 1605 1096; x_wconf 72' lang='lat' dir='ltr'><strong>materiai</strong></span> 
     </span>
     <span class='ocr_line' id='line_1_11' title="bbox 299 1066 2072 1194; baseline 0.001 -29"><span class='ocrx_word' id='word_1_61' title='bbox 299 1121 305 1131; x_wconf 82' lang='lat'><strong>·</strong></span> <span class='ocrx_word' id='word_1_62' title='bbox 469 1122 711 1183; x_wconf 87' lang='lat' dir='ltr'><strong>corpora</strong></span> <span class='ocrx_word' id='word_1_63' title='bbox 743 1107 870 1176; x_wconf 83' lang='lat' dir='ltr'><strong>c‘um</strong></span> <span class='ocrx_word' id='word_1_64' title='bbox 818 1066 1189 1182; x_wconf 43' lang='lat' dir='ltr'><strong>*constant‚</strong></span> <span class='ocrx_word' id='word_1_65' title='bbox 1213 1105 1450 1194; x_wconf 67' lang='lat' dir='ltr'><strong>possint</strong></span> <span class='ocrx_word' id='word_1_66' title='bbox 1467 1114 1672 1186; x_wconf 75' lang='lat' dir='ltr'><strong>tamen</strong></span> <span class='ocrx_word' id='word_1_67' title='bbox 1684 1106 1866 1172; x_wconf 85' lang='lat' dir='ltr'><strong>omnia</strong></span> <span class='ocrx_word' id='word_1_68' title='bbox 1888 1105 2072 1188; x_wconf 82' lang='lat' dir='ltr'>reddi</span> 
     </span>
     <span class='ocr_line' id='line_1_12' title="bbox 465 1188 1898 1288; baseline 0 -40"><span class='ocrx_word' id='word_1_69' title='bbox 465 1188 656 1249; x_wconf 88' lang='lat' dir='ltr'><strong>mollia</strong></span> <span class='ocrx_word' id='word_1_70' title='bbox 679 1205 824 1267; x_wconf 80' lang='lat' dir='ltr'><strong>quae</strong></span> <span class='ocrx_word' id='word_1_71' title='bbox 852 1188 1023 1266; x_wconf 84' lang='lat' dir='ltr'><strong>fiunt,</strong></span> <span class='ocrx_word' id='word_1_72' title='bbox 1048 1194 1150 1248; x_wconf 69' lang='lat' dir='ltr'><strong>aer</strong></span> <span class='ocrx_word' id='word_1_73' title='bbox 1163 1206 1386 1267; x_wconf 81' lang='lat' dir='ltr'><strong>‚aqua,</strong></span> <span class='ocrx_word' id='word_1_74' title='bbox 1413 1198 1598 1288; x_wconf 86' lang='lat' dir='ltr'><strong>terra,</strong></span> <span class='ocrx_word' id='word_1_75' title='bbox 1619 1206 1865 1267; x_wconf 84' lang='lat' dir='ltr'>vapores</span> <span class='ocrx_word' id='word_1_76' title='bbox 1880 1235 1898 1267; x_wconf 83' lang='lat'>‚</span> 
     </span>
     <span class='ocr_line' id='line_1_13' title="bbox 467 1265 1830 1354; baseline 0 -23"><span class='ocrx_word' id='word_1_77' title='bbox 467 1291 579 1351; x_wconf 90' lang='lat' dir='ltr'><strong>quo</strong></span> <span class='ocrx_word' id='word_1_78' title='bbox 593 1279 774 1351; x_wconf 74' lang='lat' dir='ltr'><strong>pacto</strong></span> <span class='ocrx_word' id='word_1_79' title='bbox 799 1273 929 1332; x_wconf 85' lang='lat' dir='ltr'><strong>fiant</strong></span> <span class='ocrx_word' id='word_1_80' title='bbox 952 1281 1013 1333; x_wconf 88' lang='lat' dir='ltr'><strong>et</strong></span> <span class='ocrx_word' id='word_1_81' title='bbox 1036 1290 1145 1350; x_wconf 90' lang='lat' dir='ltr'><strong>qua</strong></span> <span class='ocrx_word' id='word_1_82' title='bbox 1162 1274 1220 1332; x_wconf 83' lang='lat' dir='ltr'><strong>vi</strong></span> <span class='ocrx_word' id='word_1_83' title='bbox 1245 1265 1507 1354; x_wconf 68' lang='lat' dir='ltr'><strong>quaeque</strong></span> <span class='ocrx_word' id='word_1_84' title='bbox 1530 1283 1798 1352; x_wconf 80' lang='lat' dir='ltr'><strong>gerantur</strong></span> <span class='ocrx_word' id='word_1_85' title='bbox 1812 1319 1830 1350; x_wconf 84' lang='lat'>‚</span> 
     </span>
     <span class='ocr_line' id='line_1_14' title="bbox 465 1354 1865 1454; baseline 0.001 -39"><span class='ocrx_word' id='word_1_86' title='bbox 465 1357 768 1418; x_wconf 82' lang='lat' dir='ltr'><strong>admixtum</strong></span> <span class='ocrx_word' id='word_1_87' title='bbox 791 1357 1051 1454; x_wconf 84' lang='lat' dir='ltr'><strong>quoniam</strong></span> <span class='ocrx_word' id='word_1_88' title='bbox 1076 1354 1261 1417; x_wconf 88' lang='lat' dir='ltr'><strong>semel</strong></span> <span class='ocrx_word' id='word_1_89' title='bbox 1285 1358 1453 1416; x_wconf 90' lang='lat' dir='ltr'><strong>estin</strong></span> <span class='ocrx_word' id='word_1_90' title='bbox 1475 1355 1689 1418; x_wconf 84' lang='lat' dir='ltr'><strong>rebus</strong></span> <span class='ocrx_word' id='word_1_91' title='bbox 1672 1374 1865 1418; x_wconf 88' lang='lat' dir='ltr'><strong>mane:</strong></span> 
     </span>
     <span class='ocr_line' id='line_1_15' title="bbox 338 1438 1820 1520; baseline -0.001 -17"><span class='ocrx_word' id='word_1_92' title='bbox 338 1448 446 1503; x_wconf 83' lang='lat'><strong>570</strong></span> <span class='ocrx_word' id='word_1_93' title='bbox 464 1450 520 1500; x_wconf 90' lang='lat' dir='ltr'><strong>at</strong></span> <span class='ocrx_word' id='word_1_94' title='bbox 546 1445 742 1516; x_wconf 62' lang='lat' dir='ltr'><strong>contra</strong></span> <span class='ocrx_word' id='word_1_95' title='bbox 767 1442 829 1499; x_wconf 88' lang='lat' dir='ltr'><strong>si</strong></span> <span class='ocrx_word' id='word_1_96' title='bbox 841 1438 1047 1500; x_wconf 87' lang='lat' dir='ltr'><strong>mollia</strong></span> <span class='ocrx_word' id='word_1_97' title='bbox 1058 1442 1170 1506; x_wconf 85' lang='lat' dir='ltr'><strong>sint</strong></span> <span class='ocrx_word' id='word_1_98' title='bbox 1180 1440 1506 1520; x_wconf 79' lang='lat' dir='ltr'><strong>primordia</strong></span> <span class='ocrx_word' id='word_1_99' title='bbox 1524 1458 1745 1519; x_wconf 85' lang='lat' dir='ltr'><strong>rerum,</strong></span> <span class='ocrx_word' id='word_1_100' title='bbox 1815 1504 1820 1508; x_wconf 75' lang='grc'>,</span> 
     </span>
     <span class='ocr_line' id='line_1_16' title="bbox 462 1519 1810 1603; baseline 0.002 -21"><span class='ocrx_word' id='word_1_101' title='bbox 462 1524 613 1583; x_wconf 88' lang='lat' dir='ltr'><strong>unde</strong></span> <span class='ocrx_word' id='word_1_102' title='bbox 638 1519 845 1602; x_wconf 84' lang='lat' dir='ltr'><strong>queant</strong></span> <span class='ocrx_word' id='word_1_103' title='bbox 866 1523 1039 1586; x_wconf 81' lang='lat' dir='ltr'><strong>validi</strong></span> <span class='ocrx_word' id='word_1_104' title='bbox 1058 1522 1257 1584; x_wconf 88' lang='lat' dir='ltr'><strong>silices</strong></span> <span class='ocrx_word' id='word_1_105' title='bbox 1280 1524 1622 1603; x_wconf 80' lang='lat' dir='ltr'><strong>ferrumque</strong></span> <span class='ocrx_word' id='word_1_106' title='bbox 1630 1525 1810 1587; x_wconf 85' lang='lat' dir='ltr'><strong>creari</strong></span> 
     </span>
     <span class='ocr_line' id='line_1_17' title="bbox 463 1593 1829 1690; baseline 0.003 -23"><span class='ocrx_word' id='word_1_107' title='bbox 463 1593 577 1668; x_wconf 81' lang='grc' dir='ltr'>ιιόιι</span> <span class='ocrx_word' id='word_1_108' title='bbox 600 1609 812 1687; x_wconf 82' lang='lat' dir='ltr'><strong>poterit</strong></span> <span class='ocrx_word' id='word_1_109' title='bbox 834 1610 979 1668; x_wconf 87' lang='lat' dir='ltr'><strong>ratio</strong></span> <span class='ocrx_word' id='word_1_110' title='bbox 1006 1607 1199 1668; x_wconf 84' lang='lat' dir='ltr'><strong>reddi.</strong></span> <span class='ocrx_word' id='word_1_111' title='bbox 1222 1626 1350 1690; x_wconf 81' lang='lat' dir='ltr'><strong>nam</strong></span> <span class='ocrx_word' id='word_1_112' title='bbox 1375 1608 1627 1670; x_wconf 82' lang='lat' dir='ltr'><strong>funditus</strong></span> <span class='ocrx_word' id='word_1_113' title='bbox 1651 1609 1829 1670; x_wconf 78' lang='lat' dir='ltr'><strong>omnis</strong></span> 
     </span>
     <span class='ocr_line' id='line_1_18' title="bbox 463 1679 1586 1771; baseline -0.001 -17"><span class='ocrx_word' id='word_1_114' title='bbox 463 1679 743 1771; x_wconf 71' lang='lat' dir='ltr'><strong>pffiicipio</strong></span> <span class='ocrx_word' id='word_1_115' title='bbox 766 1691 1113 1752; x_wconf 80' lang='lat' dir='ltr'><strong>fundamenti</strong></span> <span class='ocrx_word' id='word_1_116' title='bbox 1132 1700 1327 1752; x_wconf 84' lang='lat' dir='ltr'><strong>natura</strong></span> <span class='ocrx_word' id='word_1_117' title='bbox 1352 1693 1586 1754; x_wconf 80' lang='lat' dir='ltr'><strong>carebit.</strong></span> 
     </span>
     <span class='ocr_line' id='line_1_19' title="bbox 465 1769 1772 1860; baseline 0.002 -25"><span class='ocrx_word' id='word_1_118' title='bbox 465 1786 594 1836; x_wconf 89' lang='lat' dir='ltr'><strong>sunt</strong></span> <span class='ocrx_word' id='word_1_119' title='bbox 604 1777 788 1860; x_wconf 60' lang='lat' dir='ltr'><strong>{igitur</strong></span> <span class='ocrx_word' id='word_1_120' title='bbox 808 1775 992 1848; x_wconf 75' lang='lat' dir='ltr'><strong>solida</strong></span> <span class='ocrx_word' id='word_1_121' title='bbox 1012 1773 1289 1854; x_wconf 88' lang='lat' dir='ltr'><strong>pollentia</strong></span> <span class='ocrx_word' id='word_1_122' title='bbox 1311 1769 1680 1855; x_wconf 75' lang='lat' dir='ltr'><strong>simplicitate</strong></span> <span class='ocrx_word' id='word_1_123' title='bbox 1694 1821 1713 1854; x_wconf 89' lang='lat'>‚</span> <span class='ocrx_word' id='word_1_124' title='bbox 1767 1851 1772 1860; x_wconf 28' lang='lat'>⁵</span> 
     </span>
     <span class='ocr_line' id='line_1_20' title="bbox 335 1858 1764 1938; baseline 0 -17"><span class='ocrx_word' id='word_1_125' title='bbox 335 1866 438 1924; x_wconf 80' lang='lat'><strong>575</strong></span> <span class='ocrx_word' id='word_1_126' title='bbox 463 1877 698 1938; x_wconf 85' lang='lat' dir='ltr'><strong>quorum</strong></span> <span class='ocrx_word' id='word_1_127' title='bbox 728 1858 1018 1937; x_wconf 76' lang='lat' dir='ltr'><strong>condenso</strong></span> <span class='ocrx_word' id='word_1_128' title='bbox 1042 1861 1224 1938; x_wconf 78' lang='lat' dir='ltr'><strong>magis</strong></span> <span class='ocrx_word' id='word_1_129' title='bbox 1244 1862 1433 1923; x_wconf 88' lang='lat' dir='ltr'><strong>omnia</strong></span> <span class='ocrx_word' id='word_1_130' title='bbox 1458 1859 1764 1922; x_wconf 89' lang='lat' dir='ltr'><strong>conciliatu</strong></span> 
     </span>
     <span class='ocr_line' id='line_1_21' title="bbox 460 1943 1745 2042; baseline 0.003 -40"><span class='ocrx_word' id='word_1_131' title='bbox 460 1945 625 2005; x_wconf 89' lang='lat' dir='ltr'><strong>artari</strong></span> <span class='ocrx_word' id='word_1_132' title='bbox 648 1952 888 2042; x_wconf 40' lang='lat' dir='ltr'><strong>poss-unt</strong></span> <span class='ocrx_word' id='word_1_133' title='bbox 908 1943 1239 2024; x_wconf 81' lang='lat' dir='ltr'><strong>validasque</strong></span> <span class='ocrx_word' id='word_1_134' title='bbox 1261 1943 1567 2007; x_wconf 81' lang='lat' dir='ltr'><strong>ostendere</strong></span> <span class='ocrx_word' id='word_1_135' title='bbox 1590 1946 1745 2006; x_wconf 83' lang='lat' dir='ltr'><strong>viris.</strong></span> 
     </span>
    </p>

    <p class='ocr_par' dir='ltr' id='par_1_3' title="bbox 458 2016 2017 2275">
     <span class='ocr_line' id='line_1_22' title="bbox 547 2016 1762 2106; baseline 0.002 -20"><span class='ocrx_word' id='word_1_136' title='bbox 547 2016 723 2088; x_wconf 89' lang='lat' dir='ltr'><strong>Porro</strong></span> <span class='ocrx_word' id='word_1_137' title='bbox 746 2029 799 2088; x_wconf 89' lang='lat' dir='ltr'><strong>si</strong></span> <span class='ocrx_word' id='word_1_138' title='bbox 816 2025 1023 2088; x_wconf 82' lang='lat' dir='ltr'><strong>nullast</strong></span> <span class='ocrx_word' id='word_1_139' title='bbox 1048 2028 1374 2106; x_wconf 73' lang='lat' dir='ltr'><strong>frangendis</strong></span> <span class='ocrx_word' id='word_1_140' title='bbox 1395 2027 1615 2090; x_wconf 84' lang='lat' dir='ltr'><strong>reddita</strong></span> <span class='ocrx_word' id='word_1_141' title='bbox 1636 2031 1762 2090; x_wconf 85' lang='lat' dir='ltr'><strong>finis</strong></span> 
     </span>
     <span class='ocr_line' id='line_1_23' title="bbox 464 2110 2017 2192; baseline 0.001 -20"><span class='ocrx_word' id='word_1_142' title='bbox 464 2111 838 2191; x_wconf 86' lang='lat' dir='ltr'><strong>corporibus,</strong></span> <span class='ocrx_word' id='word_1_143' title='bbox 869 2110 1057 2173; x_wconf 83' lang='lat' dir='ltr'><strong>tamen&#39;</strong></span> <span class='ocrx_word' id='word_1_144' title='bbox 1085 2131 1163 2173; x_wconf 83' lang='lat' dir='ltr'><strong>ex</strong></span> <span class='ocrx_word' id='word_1_145' title='bbox 1178 2121 1419 2173; x_wconf 87' lang='lat' dir='ltr'><strong>aeterno</strong></span> <span class='ocrx_word' id='word_1_146' title='bbox 1447 2123 1710 2192; x_wconf 84' lang='lat' dir='ltr'><strong>tempore</strong></span> <span class='ocrx_word' id='word_1_147' title='bbox 1742 2113 2017 2192; x_wconf 84' lang='lat' dir='ltr'><strong>quaedam</strong></span> 
     </span>
     <span class='ocr_line' id='line_1_24' title="bbox 458 2196 1939 2275; baseline 0.002 -21"><span class='ocrx_word' id='word_1_148' title='bbox 458 2213 610 2256; x_wconf 87' lang='lat' dir='ltr'><strong>nunc</strong></span> <span class='ocrx_word' id='word_1_149' title='bbox 633 2196 801 2257; x_wconf 86' lang='lat' dir='ltr'><strong>etiam</strong></span> <span class='ocrx_word' id='word_1_150' title='bbox 822 2214 1095 2275; x_wconf 86' lang='lat' dir='ltr'><strong>superare</strong></span> <span class='ocrx_word' id='word_1_151' title='bbox 1125 2205 1435 2258; x_wconf 82' lang='lat' dir='ltr'><strong>necessest</strong></span> <span class='ocrx_word' id='word_1_152' title='bbox 1463 2212 1705 2275; x_wconf 87' lang='lat' dir='ltr'><strong>corpora</strong></span> <span class='ocrx_word' id='word_1_153' title='bbox 1728 2197 1939 2275; x_wconf 51' lang='lat' dir='ltr'><strong>rebus„</strong></span> 
     </span>
    </p>

    <p class='ocr_par' dir='ltr' id='par_1_4' title="bbox 331 2278 1851 2695">
     <span class='ocr_line' id='line_1_25' title="bbox 331 2278 1845 2360; baseline 0.001 -19"><span class='ocrx_word' id='word_1_154' title='bbox 331 2285 437 2341; x_wconf 81' lang='lat'><strong>580</strong></span> <span class='ocrx_word' id='word_1_155' title='bbox 458 2297 604 2358; x_wconf 91' lang='lat' dir='ltr'><strong>quae</strong></span> <span class='ocrx_word' id='word_1_156' title='bbox 626 2278 874 2339; x_wconf 89' lang='lat' dir='ltr'><strong>nondum</strong></span> <span class='ocrx_word' id='word_1_157' title='bbox 898 2278 1123 2341; x_wconf 88' lang='lat' dir='ltr'><strong>clueant</strong></span> <span class='ocrx_word' id='word_1_158' title='bbox 1148 2278 1268 2340; x_wconf 91' lang='lat' dir='ltr'><strong>ullo</strong></span> <span class='ocrx_word' id='word_1_159' title='bbox 1290 2289 1567 2360; x_wconf 83' lang='lat' dir='ltr'><strong>temptata</strong></span> <span class='ocrx_word' id='word_1_160' title='bbox 1592 2279 1845 2360; x_wconf 82' lang='lat' dir='ltr'><strong>periclo:</strong></span> 
     </span>
     <span class='ocr_line' id='line_1_26' title="bbox 460 2362 1825 2443; baseline 0.002 -20"><span class='ocrx_word' id='word_1_161' title='bbox 460 2373 515 2423; x_wconf 84' lang='lat' dir='ltr'><strong>at</strong></span> <span class='ocrx_word' id='word_1_162' title='bbox 539 2364 800 2442; x_wconf 89' lang='lat' dir='ltr'><strong>quoniam</strong></span> <span class='ocrx_word' id='word_1_163' title='bbox 825 2362 1011 2442; x_wconf 80' lang='lat' dir='ltr'><strong>fragili.</strong></span> <span class='ocrx_word' id='word_1_164' title='bbox 1032 2374 1229 2424; x_wconf 87' lang='lat' dir='ltr'><strong>natura</strong></span> <span class='ocrx_word' id='word_1_165' title='bbox 1250 2363 1510 2443; x_wconf 85' lang='lat' dir='ltr'><strong>praedita</strong></span> <span class='ocrx_word' id='word_1_166' title='bbox 1531 2374 1792 2426; x_wconf 87' lang='lat' dir='ltr'><strong>constant</strong></span> <span class='ocrx_word' id='word_1_167' title='bbox 1806 2410 1825 2442; x_wconf 91' lang='grc'>,</span> 
     </span>
     <span class='ocr_line' id='line_1_27' title="bbox 460 2446 1851 2527; baseline 0.003 -21"><span class='ocrx_word' id='word_1_168' title='bbox 460 2446 749 2526; x_wconf 85' lang='lat' dir='ltr'><strong>discrepat</strong></span> <span class='ocrx_word' id='word_1_169' title='bbox 777 2456 1068 2509; x_wconf 84' lang='lat' dir='ltr'><strong>aeternum</strong></span> <span class='ocrx_word' id='word_1_170' title='bbox 1091 2457 1322 2527; x_wconf 86' lang='lat' dir='ltr'><strong>tempus</strong></span> <span class='ocrx_word' id='word_1_171' title='bbox 1338 2450 1599 2527; x_wconf 83' lang='lat' dir='ltr'><strong>potuisse</strong></span> <span class='ocrx_word' id='word_1_172' title='bbox 1621 2467 1851 2510; x_wconf 84' lang='lat' dir='ltr'><strong>manere</strong></span> 
     </span>
     <span class='ocr_line' id='line_1_28' title="bbox 457 2513 1779 2611; baseline 0.002 -22"><span class='ocrx_word' id='word_1_173' title='bbox 457 2513 957 2595; x_wconf 80' lang='lat' dir='ltr'><strong>innumerabilibus</strong></span> <span class='ocrx_word' id='word_1_174' title='bbox 981 2531 1167 2610; x_wconf 89' lang='lat' dir='ltr'><strong>plagis</strong></span> <span class='ocrx_word' id='word_1_175' title='bbox 1195 2541 1402 2595; x_wconf 86' lang='lat' dir='ltr'><strong>vexata</strong></span> <span class='ocrx_word' id='word_1_176' title='bbox 1432 2550 1538 2611; x_wconf 87' lang='lat' dir='ltr'><strong>per</strong></span> <span class='ocrx_word' id='word_1_177' title='bbox 1558 2544 1779 2592; x_wconf 82' lang='lat' dir='ltr'><strong>aevom.</strong></span> 
     </span>
     <span class='ocr_line' id='line_1_29' title="bbox 456 2614 1847 2695; baseline 0.002 -21"><span class='ocrx_word' id='word_1_178' title='bbox 456 2614 739 2694; x_wconf 86' lang='lat' dir='ltr'><strong>denique</strong></span> <span class='ocrx_word' id='word_1_179' title='bbox 723 2633 830 2676; x_wconf 78' lang='lat' dir='ltr'><strong>iam</strong></span> <span class='ocrx_word' id='word_1_180' title='bbox 858 2617 1120 2695; x_wconf 88' lang='lat' dir='ltr'><strong>quoniam</strong></span> <span class='ocrx_word' id='word_1_181' title='bbox 1138 2619 1457 2694; x_wconf 76' lang='lat' dir='ltr'><strong>generatim</strong></span> <span class='ocrx_word' id='word_1_182' title='bbox 1478 2615 1696 2675; x_wconf 87' lang='lat' dir='ltr'><strong>reddita</strong></span> <span class='ocrx_word' id='word_1_183' title='bbox 1721 2616 1847 2677; x_wconf 83' lang='lat' dir='ltr'><strong>finis</strong></span> 
     </span>
    </p>

    <p class='ocr_par' dir='ltr' id='par_1_5' title="bbox 330 2694 2130 3113">
     <span class='ocr_line' id='line_1_30' title="bbox 330 2694 1828 2781; baseline 0 -23"><span class='ocrx_word' id='word_1_184' title='bbox 330 2705 431 2760; x_wconf 79' lang='lat'><strong>585</strong></span> <span class='ocrx_word' id='word_1_185' title='bbox 457 2699 757 2759; x_wconf 88' lang='lat' dir='ltr'><strong>crescendi</strong></span> <span class='ocrx_word' id='word_1_186' title='bbox 780 2699 956 2761; x_wconf 84' lang='lat' dir='ltr'><strong>rebus</strong></span> <span class='ocrx_word' id='word_1_187' title='bbox 984 2710 1208 2760; x_wconf 89' lang='lat' dir='ltr'><strong>constat</strong></span> <span class='ocrx_word' id='word_1_188' title='bbox 1229 2703 1514 2781; x_wconf 83' lang='lat' dir='ltr'><strong>vitamque</strong></span> <span class='ocrx_word' id='word_1_189' title='bbox 1541 2694 1828 2778; x_wconf 81' lang='lat' dir='ltr'><strong>tenendi,</strong></span> 
     </span>
     <span class='ocr_line' id='line_1_31' title="bbox 456 2783 1848 2863; baseline 0.001 -22"><span class='ocrx_word' id='word_1_190' title='bbox 456 2792 515 2842; x_wconf 89' lang='lat' dir='ltr'><strong>et</strong></span> <span class='ocrx_word' id='word_1_191' title='bbox 542 2783 676 2862; x_wconf 80' lang='lat' dir='ltr'><strong>quId</strong></span> <span class='ocrx_word' id='word_1_192' title='bbox 699 2802 961 2862; x_wconf 91' lang='lat' dir='ltr'><strong>quaeque</strong></span> <span class='ocrx_word' id='word_1_193' title='bbox 986 2793 1192 2862; x_wconf 87' lang='lat' dir='ltr'><strong>queant</strong></span> <span class='ocrx_word' id='word_1_194' title='bbox 1215 2801 1322 2862; x_wconf 84' lang='lat' dir='ltr'><strong>per</strong></span> <span class='ocrx_word' id='word_1_195' title='bbox 1342 2784 1582 2844; x_wconf 85' lang='lat' dir='ltr'><strong>foedera</strong></span> <span class='ocrx_word' id='word_1_196' title='bbox 1601 2786 1848 2863; x_wconf 87' lang='lat' dir='ltr'><strong>naturai,</strong></span> 
     </span>
     <span class='ocr_line' id='line_1_32' title="bbox 457 2867 2130 2968; baseline 0.005 -44"><span class='ocrx_word' id='word_1_197' title='bbox 457 2867 590 2944; x_wconf 88' lang='lat' dir='ltr'><strong>quid</strong></span> <span class='ocrx_word' id='word_1_198' title='bbox 611 2885 784 2945; x_wconf 86' lang='lat' dir='ltr'><strong>porro</strong></span> <span class='ocrx_word' id='word_1_199' title='bbox 808 2876 1129 2946; x_wconf 82' lang='lat' dir='ltr'><strong>nequeant,</strong></span> <span class='ocrx_word' id='word_1_200' title='bbox 1155 2869 1431 2929; x_wconf 87' lang='lat' dir='ltr'><strong>sancitum</strong></span> <span class='ocrx_word' id='word_1_201' title='bbox 1455 2868 1910 2968; x_wconf 80' lang='lat' dir='ltr'><strong>quandoquidem</strong></span> <span class='ocrx_word' id='word_1_202' title='bbox 1934 2878 2130 2950; x_wconf 82' lang='lat' dir='ltr'><strong>extat,</strong></span> 
     </span>
     <span class='ocr_line' id='line_1_33' title="bbox 453 2954 1986 3033; baseline 0.004 -26"><span class='ocrx_word' id='word_1_203' title='bbox 453 2967 563 3011; x_wconf 85' lang='lat' dir='ltr'><strong>nec</strong></span> <span class='ocrx_word' id='word_1_204' title='bbox 589 2960 959 3012; x_wconf 88' lang='lat' dir='ltr'><strong>commutatur</strong></span> <span class='ocrx_word' id='word_1_205' title='bbox 981 2954 1313 3029; x_wconf 83' lang='lat' dir='ltr'><strong>quicquam,</strong></span> <span class='ocrx_word' id='word_1_206' title='bbox 1343 2954 1476 3030; x_wconf 90' lang='lat' dir='ltr'><strong>quin</strong></span> <span class='ocrx_word' id='word_1_207' title='bbox 1502 2954 1685 3013; x_wconf 89' lang='lat' dir='ltr'><strong>omnia</strong></span> <span class='ocrx_word' id='word_1_208' title='bbox 1709 2963 1986 3033; x_wconf 63' lang='lat' dir='ltr'><strong>constent</strong></span> 
     </span>
     <span class='ocr_line' id='line_1_34' title="bbox 452 3034 1997 3129; baseline 0.004 -37"><span class='ocrx_word' id='word_1_209' title='bbox 452 3051 636 3112; x_wconf 89' lang='lat' dir='ltr'><strong>usque</strong></span> <span class='ocrx_word' id='word_1_210' title='bbox 661 3034 840 3112; x_wconf 82' lang='lat' dir='ltr'><strong>adeo,</strong></span> <span class='ocrx_word' id='word_1_211' title='bbox 865 3036 1052 3096; x_wconf 84' lang='lat' dir='ltr'><strong>variae</strong></span> <span class='ocrx_word' id='word_1_212' title='bbox 1076 3035 1347 3097; x_wconf 83' lang='lat' dir='ltr'><strong>volucres</strong></span> <span class='ocrx_word' id='word_1_213' title='bbox 1371 3039 1509 3098; x_wconf 91' lang='lat' dir='ltr'><strong>utin</strong></span> <span class='ocrx_word' id='word_1_214' title='bbox 1536 3038 1732 3098; x_wconf 88' lang='lat' dir='ltr'><strong>ordine</strong></span> <span class='ocrx_word' id='word_1_215' title='bbox 1759 3046 1997 3129; x_wconf 76' lang='lat' dir='ltr'><strong>cunctae</strong></span> 
     </span>
    </p>

    <p class='ocr_par' dir='ltr' id='par_1_6' title="bbox 323 3117 2084 3536">
     <span class='ocr_line' id='line_1_35' title="bbox 323 3117 1863 3200; baseline 0.001 -22"><span class='ocrx_word' id='word_1_216' title='bbox 323 3123 428 3178; x_wconf 81' lang='lat'><strong>590</strong></span> <span class='ocrx_word' id='word_1_217' title='bbox 454 3117 753 3178; x_wconf 88' lang='lat' dir='ltr'><strong>ostendant</strong></span> <span class='ocrx_word' id='word_1_218' title='bbox 775 3118 1024 3181; x_wconf 87' lang='lat' dir='ltr'><strong>maculas</strong></span> <span class='ocrx_word' id='word_1_219' title='bbox 1047 3120 1336 3198; x_wconf 84' lang='lat' dir='ltr'><strong>generalis</strong></span> <span class='ocrx_word' id='word_1_220' title='bbox 1366 3138 1613 3200; x_wconf 85' lang='lat' dir='ltr'><strong>corpore</strong></span> <span class='ocrx_word' id='word_1_221' title='bbox 1635 3123 1863 3198; x_wconf 87' lang='lat' dir='ltr'><strong>inesse,</strong></span> 
     </span>
     <span class='ocr_line' id='line_1_36' title="bbox 430 3198 1807 3284; baseline 0.005 -27.108"><span class='ocrx_word' id='word_1_222' title='bbox 430 3198 775 3262; x_wconf 81' lang='lat' dir='ltr'><strong>inmutabili&#39;</strong></span> <span class='ocrx_word' id='word_1_223' title='bbox 799 3204 1066 3263; x_wconf 89' lang='lat' dir='ltr'><strong>materiae</strong></span> <span class='ocrx_word' id='word_1_224' title='bbox 1093 3222 1323 3284; x_wconf 89' lang='lat' dir='ltr'><strong>quoque</strong></span> <span class='ocrx_word' id='word_1_225' title='bbox 1352 3223 1564 3284; x_wconf 88' lang='lat' dir='ltr'><strong>corpus</strong></span> <span class='ocrx_word' id='word_1_226' title='bbox 1594 3204 1807 3265; x_wconf 87' lang='lat' dir='ltr'><strong>habere</strong></span> 
     </span>
     <span class='ocr_line' id='line_1_37' title="bbox 452 3284 2084 3371; baseline 0.004 -28"><span class='ocrx_word' id='word_1_227' title='bbox 452 3284 696 3362; x_wconf 82' lang='lat' dir='ltr'><strong>debent,</strong></span> <span class='ocrx_word' id='word_1_228' title='bbox 723 3288 1006 3347; x_wconf 86' lang='lat' dir='ltr'><strong>nimirum:</strong></span> <span class='ocrx_word' id='word_1_229' title='bbox 1028 3305 1155 3347; x_wconf 89' lang='lat' dir='ltr'><strong>nam</strong></span> <span class='ocrx_word' id='word_1_230' title='bbox 1177 3291 1228 3349; x_wconf 88' lang='lat' dir='ltr'><strong>si</strong></span> <span class='ocrx_word' id='word_1_231' title='bbox 1252 3289 1554 3367; x_wconf 84' lang='lat' dir='ltr'><strong>primordia</strong></span> <span class='ocrx_word' id='word_1_232' title='bbox 1575 3307 1764 3352; x_wconf 87' lang='lat' dir='ltr'><strong>rerum</strong></span> <span class='ocrx_word' id='word_1_233' title='bbox 1859 3352 1894 3369; x_wconf 63' lang='lat'><strong>„-</strong></span> <span class='ocrx_word' id='word_1_234' title='bbox 1911 3354 1922 3363; x_wconf 58' lang='lat'><em>,</em></span> <span class='ocrx_word' id='word_1_235' title='bbox 2021 3334 2084 3371; x_wconf 29' lang='grc' dir='ltr'><strong>ιη.</strong></span> 
     </span>
     <span class='ocr_line' id='line_1_38' title="bbox 452 3366 1910 3469; baseline 0.004 -43"><span class='ocrx_word' id='word_1_236' title='bbox 452 3366 781 3427; x_wconf 74' lang='grc' dir='ltr'>οοιιιιιιῑιιιιιί</span> <span class='ocrx_word' id='word_1_237' title='bbox 803 3368 990 3448; x_wconf 88' lang='lat' dir='ltr'><strong>aliqua</strong></span> <span class='ocrx_word' id='word_1_238' title='bbox 1011 3382 1253 3469; x_wconf 87' lang='lat' dir='ltr'><strong>possent</strong></span> <span class='ocrx_word' id='word_1_239' title='bbox 1275 3375 1495 3434; x_wconf 84' lang='lat' dir='ltr'><strong>ratione</strong></span> <span class='ocrx_word' id='word_1_240' title='bbox 1522 3375 1774 3451; x_wconf 82' lang='lat' dir='ltr'><strong>revicta,</strong></span> <span class='ocrx_word' id='word_1_241' title='bbox 1839 3366 1910 3419; x_wconf 59' lang='lat'><strong>»³⁷²</strong></span> 
     </span>
     <span class='ocr_line' id='line_1_39' title="bbox 448 3450 1941 3536; baseline 0.006 -29"><span class='ocrx_word' id='word_1_242' title='bbox 448 3450 727 3510; x_wconf 87' lang='lat' dir='ltr'><strong>incertum</strong></span> <span class='ocrx_word' id='word_1_243' title='bbox 758 3469 986 3530; x_wconf 90' lang='lat' dir='ltr'><strong>quoque</strong></span> <span class='ocrx_word' id='word_1_244' title='bbox 1008 3456 1113 3512; x_wconf 85' lang='lat' dir='ltr'><strong>iam</strong></span> <span class='ocrx_word' id='word_1_245' title='bbox 1147 3465 1374 3517; x_wconf 87' lang='lat' dir='ltr'><strong>constet</strong></span> <span class='ocrx_word' id='word_1_246' title='bbox 1402 3457 1535 3535; x_wconf 86' lang='lat' dir='ltr'><strong>quid</strong></span> <span class='ocrx_word' id='word_1_247' title='bbox 1558 3458 1745 3535; x_wconf 87' lang='lat' dir='ltr'><strong>possit</strong></span> <span class='ocrx_word' id='word_1_248' title='bbox 1776 3458 1941 3536; x_wconf 79' lang='lat' dir='ltr'><strong>orIri‚</strong></span> 
     </span>
    </p>
   </div>
   <div class='ocr_carea' id='block_1_3' title="bbox 2158 20 2409 328">
    <p class='ocr_par' dir='ltr' id='par_1_7' title="bbox 2158 20 2409 328">
     <span class='ocr_line' id='line_1_40' title="bbox 2158 20 2409 328; baseline 0 3497"><span class='ocrx_word' id='word_1_249' title='bbox 2158 20 2409 328; x_wconf 95' lang='lat' dir='ltr'><strong> </strong></span> 
     </span>
    </p>
   </div>
  </div>
 </body>
</html>
