2409 3825
1342 158 1376 177 Ο

1243 192 1324 254 vl

1518 315 1551 335 f

462 361 842 423 aerumnabile
865 370 1019 439 erat,
1043 359 1195 440 quod
1217 360 1315 420 ubi
1340 379 1406 422 se
1437 361 1679 438 quisque
1703 359 1933 421 videbat

462 446 791 526 implicitum
812 445 1010 505 morbo
1025 490 1043 521 ,
1065 446 1232 504 morti
1256 442 1541 504 damnatus
1572 453 1630 503 ut
1653 453 1848 521 esset,

286 540 434 595 1230
465 530 737 590 deficiens
759 531 940 589 animo
964 536 1181 588 maesto
1208 547 1335 588 cum
1358 527 1532 588 corde
1553 527 1811 604 iacebat,

462 614 660 674 funera
687 622 1020 691 respectans
1045 614 1278 672 animam
1299 612 1586 672 amittebat
1605 611 1831 670 ibidem.

465 700 679 776 quippe
711 698 918 757 etenim
945 695 1102 755 nullo
1126 695 1429 756 cessabant
1451 704 1711 773 tempore
1731 695 1911 772 apisci

462 800 538 840 ex
559 780 682 840 aliis
703 780 845 841 alios
870 780 1017 840 avidi
1042 774 1305 856 contagia
1325 778 1541 855 morbi,

462 863 746 942 lanigeras
766 873 1045 963 tamquam
1068 863 1325 942 pecudes
1347 871 1408 922 et
1429 862 1640 922 bucera
1660 860 1870 922 saecla.

291 958 430 1012 1235
461 948 631 1026 idque
651 947 785 1007 vel
769 966 824 1006 m
844 949 1036 1026 primis
1061 946 1376 1006 cumulabat
1397 947 1597 1006 funere
1618 945 1804 1006 funus.

459 1050 584 1092 nam
613 1032 949 1110 quicumque
981 1048 1117 1091 suos
1141 1029 1454 1108 fug-itabant
1474 1031 1665 1089 visere
1686 1028 1757 1088 ad
1777 1046 1987 1106 aegros
2003 1074 2023 1106 ,

460 1117 594 1174 vitai
615 1116 839 1174 nimium
863 1114 1100 1194 cupidos
1123 1116 1433 1191 mortisque
1457 1115 1701 1173 timentis

461 1198 730 1278 poenibat
759 1199 929 1278 paulo
958 1208 1092 1277 post
1114 1200 1263 1276 turpi
1286 1207 1468 1257 morte
1491 1195 1779 1274 malaque,

462 1283 723 1342 desertos
740 1327 757 1358 .‚
784 1284 911 1360 opis
937 1285 1191 1359 expertis
1209 1327 1226 1359 ,
1251 1282 1462 1340 incuria
1483 1289 1750 1340 mactanti.

298 1376 432 1429 1240
458 1367 553 1444 qui
577 1365 796 1425 fuerant
816 1375 1000 1425 autem
1022 1374 1254 1445 praesto
1270 1410 1288 1442 ‚
1321 1363 1655 1440 contagibus
1678 1363 1831 1422 ibant

462 1459 631 1526 atque
660 1448 856 1508 labore
877 1495 894 1525 ‚
921 1451 1101 1526 pudor
1123 1467 1291 1527 quem
1314 1458 1429 1508 tum
1452 1447 1697 1524 cogebat
1721 1447 1882 1506 obire

460 1533 773 1610 blandaque
799 1531 1076 1592 lassorum
1099 1550 1218 1592 vox
1242 1534 1414 1591 mixta
1435 1548 1583 1591 voce
1604 1530 1914 1609 querellae.

462 1618 703 1694 optimus
735 1616 845 1675 hoc
867 1616 966 1675 leti
987 1635 1168 1693 genus
1194 1633 1336 1693 ergo
1362 1615 1600 1693 quisque
1626 1613 1867 1677 subibat.

461 1701 780 1759 incomitata
800 1703 918 1776 rapi
945 1701 1256 1760 cernebant
1279 1699 1474 1758 funera
1496 1707 1655 1757 vasta
1675 1743 1692 1774 .‚

304 1795 431 1847 1245
463 1786 633 1861 inque
657 1783 780 1843 aliis
804 1782 972 1842 alium
995 1784 1266 1861 populum
1289 1780 1542 1860 sepelire
1571 1798 1802 1841 suorum

465 1875 778 1927 certantes.
804 1866 1048 1928 lacrimis
1073 1866 1209 1929 lassi
1235 1867 1508 1946 luctuque
1530 1864 1816 1925 redibant:

462 1951 591 2011 inde
617 1952 816 2011 bonam
839 1954 1129 2030 partemin
1160 1952 1370 2011 lectum
1393 1968 1649 2012 maerore
1674 1949 1959 2009 dabantur.

459 2054 570 2094 nec
600 2044 821 2111 poterat
843 2037 1134 2113 quisquam
1158 2036 1428 2114 reperiri,
1458 2052 1626 2111 quem
1656 2051 1844 2110 neque
1866 2022 2099 2093 morbus

459 2137 570 2178 nec
590 2133 742 2177 mors
765 2136 875 2177 nec
898 2117 1085 2178 luctus
1110 2128 1407 2196 temptaret
1434 2128 1691 2195 tempore
1717 2116 1868 2176 talei.

306 2210 435 2265 1250
547 2200 885 2261 Praeterea
870 2221 973 2261 iam
998 2211 1192 2280 pastor
1215 2211 1271 2261 et
1294 2204 1657 2261 armentarius
1680 2202 1859 2261 omnis

463 2294 521 2345 et
538 2286 805 2345 robustus
828 2288 963 2345 item
988 2287 1146 2344 curvi
1166 2285 1487 2345 moderator
1509 2286 1675 2345 aratri

462 2368 794 2446 languebat,
819 2371 1318 2448 penitusquecasa
1344 2379 1605 2429 contrusa
1628 2368 1885 2427 iacebant

466 2468 705 2528 corpora
730 2462 1064 2531 paupertate
1095 2462 1152 2512 et
1173 2452 1373 2512 morbo
1397 2452 1583 2511 dedita
1600 2452 1782 2510 morti.

465 2536 732 2595 exanimis
762 2538 953 2614 pueris
985 2554 1159 2615 super
1183 2538 1491 2594 exanimata
1518 2544 1808 2612 parentum

307 2629 429 2681 1255
462 2636 702 2697 corpora
723 2637 1133 2699 nonnumquam
1155 2636 1363 2697 posses
1386 2625 1655 2695 retroque
1679 2616 1876 2675 videre

459 2702 725 2763 matribus
749 2713 806 2763 et
829 2704 1081 2782 patribus
1105 2712 1268 2762 natos
1291 2718 1465 2778 super
1488 2700 1660 2760 edere
1685 2702 1871 2758 vitam.

461 2804 572 2845 nec
593 2787 866 2846 minimam
892 2796 1110 2864 partem
1132 2805 1205 2846 ex
1225 2788 1377 2863 agris
1407 2785 1677 2844 maeroris
1700 2784 1755 2842 in
1776 2784 1973 2843 urbem

464 2868 733 2952 confluxit
754 2870 946 2947 labes,
974 2889 1140 2948 quem
1169 2869 1404 2929 contulit
1426 2867 1801 2945 agricolarum

464 2954 629 3030 copia
651 2956 997 3014 conveniens
1029 2973 1103 3013 ex
1133 2955 1280 3013 omni
1303 2953 1552 3013 morbida
1573 2961 1754 3030 parte.

307 3046 433 3099 1260
464 3037 643 3095 omnia
668 3036 1011 3116 conplebant
1033 3036 1160 3096 loca
1182 3048 1479 3116 tectaque;
1506 3054 1618 3113 quo
1646 3037 1825 3112 magis
1845 3043 2007 3095 aestu

461 3120 751 3181 confertos
777 3123 851 3181 ita
879 3123 1182 3181 acervatim
1205 3139 1356 3181 mors
1379 3117 1783 3180 accumulabat.

456 3203 630 3264 multa
651 3207 742 3265 siti
773 3215 1056 3283 protracta
1079 3208 1223 3266 viam
1248 3222 1352 3281 per
1374 3222 1593 3283 proque
1621 3202 1813 3261 voluta
1839 3243 1846 3248 -

461 3304 703 3364 corpora
732 3289 941 3348 silanos
963 3289 1032 3348 ad
1063 3306 1327 3367 aquarum
1353 3296 1521 3349 strata
1546 3285 1805 3345 iacebant

458 3371 765 3433 interclusa
789 3375 965 3431 anima
988 3374 1151 3432 nimia
1171 3372 1242 3432 ab
1268 3371 1566 3431 dulcedine
1590 3386 1853 3447 aquarum
1870 3410 1887 3441 ,

311 3463 427 3517 1265
461 3455 747 3534 multaque
773 3473 877 3534 per
898 3455 1095 3534 populi
1117 3458 1328 3534 passim
1352 3455 1479 3514 loca
1505 3460 1762 3531 prompta
1785 3452 2020 3524 viasque

2160 193 2275 257 197
