2409 3825
1207 261 1286 322 v1

413 432 645 509 spiritus
671 446 771 488 ore
801 429 953 490 foras
978 438 1218 489 taetrum
1242 428 1510 490 volvebat
1533 430 1767 490 odorem
1784 476 1802 505 ,

412 513 639 585 rancida
663 529 777 592 quo
800 512 1066 591 perolent
1096 516 1354 592 proiecta
1380 514 1655 574 cadavera
1677 516 1803 573 ritu.

414 608 585 675 atque
608 598 772 656 animi
794 613 1055 676 prorsum
1078 605 1199 657 tum
1223 598 1376 657 vires
1401 599 1572 658 totius
1588 644 1605 676 ,
1636 616 1800 659 omne

232 694 380 745 1155
414 681 719 759 languebat
745 698 956 760 corpus
977 727 993 757 ‚
1020 679 1120 742 leti
1145 681 1254 739 iam
1277 679 1467 741 limine
1490 683 1544 740 in
1568 683 1714 760 ipso.

414 758 983 843 intolerabilibusque
1004 763 1163 823 malis
1192 773 1314 824 erat
1331 767 1529 826 anxius
1553 784 1732 843 angor

413 847 648 908 adsidue
677 865 871 908 comes
896 856 956 907 et
982 850 1197 925 gemitu
1220 851 1517 908 commixta
1543 848 1813 929 querella.

413 931 809 1010 singultusque
832 930 1105 1011 frequens
1134 940 1363 992 noctem
1385 950 1491 1010 per
1514 952 1690 1012 saepe
1715 934 1975 1014 diemque

417 1018 708 1094 corripere
731 1014 963 1076 adsidue
987 1032 1198 1077 nervos
1221 1025 1279 1075 et
1300 1017 1548 1077 membra
1575 1027 1841 1078 coactans

229 1111 381 1164 1160
415 1099 763 1160 dissoluebat
791 1116 929 1176 eos,
958 1099 1224 1161 defessos
1245 1108 1373 1160 ante
1391 1144 1408 1177 ‚
1434 1100 1692 1177 fatigans.

411 1203 523 1244 nec
546 1185 713 1242 nimio
742 1184 998 1261 cuiquam
1021 1199 1233 1263 posses
1255 1183 1458 1244 ardore
1489 1186 1635 1244 tueri

414 1268 673 1346 corporis
696 1268 751 1326 in
777 1284 993 1327 summo
1018 1284 1288 1327 summam
1313 1266 1645 1328 fervescere
1669 1278 1883 1347 partem
1905 1317 1920 1345 ‚

413 1351 517 1412 sed
541 1353 729 1430 potius
754 1350 1005 1429 tepidum
1030 1350 1285 1410 manibus
1314 1368 1637 1429 proponere
1668 1361 1873 1413 tactum

415 1445 472 1495 et
497 1433 658 1496 simul
684 1433 976 1494 ulceribus
1001 1436 1160 1512 quasi
1182 1434 1383 1494 inustis
1405 1452 1569 1495 omne
1595 1435 1803 1496 rubere

231 1527 379 1581 1165
416 1536 623 1598 corpus
642 1563 659 1595 ,
684 1527 743 1577 ut
772 1527 863 1578 est
884 1536 990 1597 per
1010 1517 1260 1578 membra
1283 1535 1449 1578 sacer
1476 1518 1603 1577 dum
1627 1518 1831 1580 diditur
1853 1521 2014 1597 ignis.

412 1604 599 1661 intima
623 1619 754 1681 pars
780 1600 1062 1661 hominum
1082 1619 1225 1661 vero
1257 1601 1525 1679 flagrabat
1548 1602 1619 1662 ad
1647 1620 1779 1663 ossa
1795 1650 1811 1680 ,

415 1686 685 1763 flagrabat
708 1685 1004 1746 stomacho
1031 1684 1245 1745 flamma
1269 1695 1329 1745 ut
1353 1685 1677 1747 fornacibus
1701 1689 1866 1747 intus.

411 1769 487 1828 nil
513 1770 656 1829 adeo
684 1787 892 1848 posses
918 1769 1173 1847 cuiquam
1201 1768 1334 1828 leve
1356 1777 1642 1848 tenveque
1673 1771 1936 1831 membris

410 1861 639 1915 vertere
664 1855 717 1913 in
746 1851 1044 1914 utilitatem
1063 1900 1079 1931 ‚
1105 1863 1160 1914 at
1182 1862 1412 1913 ventum
1437 1863 1496 1915 et
1520 1854 1733 1932 frigora
1763 1871 2006 1934 semper.

229 1945 383 2002 1170
411 1940 465 1997 in
490 1938 691 1998 fluvios
716 1939 913 2018 partim
938 1937 1166 2015 gelidos
1187 1937 1439 1998 ardentia
1464 1939 1662 1998 morbo

412 2022 660 2081 membra
686 2022 922 2099 dabant,
956 2021 1161 2080 nudum
1187 2023 1464 2084 iacientes
1493 2041 1701 2103 corpus
1727 2025 1781 2082 in
1806 2023 1997 2082 undas.

413 2104 569 2165 multi
592 2107 940 2185 praecipites
964 2104 1210 2183 lymphis
1234 2106 1554 2184 putealibus
1578 2107 1689 2167 alte
2003 2061 2087 2202 ςᾴ

413 2189 765 2267 inciderunt,
789 2191 917 2268 ipso
946 2191 1247 2250 venientes
1277 2207 1376 2252 ore
1401 2200 1658 2270 patente:

411 2273 798 2334 insedabiliter
821 2275 950 2334 sitis
973 2272 1125 2332 arida
1145 2319 1163 2350 ,
1192 2291 1435 2353 corpora
1457 2277 1685 2337 inurens
1702 2323 1718 2353 ,

231 2364 382 2420 1175
413 2358 689 2436 aequabat
710 2356 941 2417 multum
969 2359 1158 2436 parvis
1184 2359 1471 2419 umoribus
1495 2361 1746 2419 imbrem.

388 2460 523 2509 „nec
545 2443 778 2520 requies
802 2450 922 2501 erat
947 2440 1058 2500 ulla
1079 2441 1235 2502 mali:
1265 2442 1493 2503 defessa
1517 2444 1777 2503 iacebant

417 2543 674 2604 corpora.
702 2526 988 2585 mussabat
1010 2527 1182 2586 tacito
1205 2526 1481 2585 medicina
1505 2528 1704 2586 timore
1725 2573 1741 2603 ‚

417 2610 628 2689 quippe
652 2610 899 2688 patentia
923 2627 1048 2668 cum
1075 2612 1285 2669 totiens
1309 2627 1376 2668 ac
1398 2612 1586 2669 nuntia
1608 2612 1801 2669 mortis

413 2694 616 2752 lumina
640 2702 936 2753 versarent
959 2691 1252 2752 oculorum
1275 2695 1529 2771 expertia
1552 2709 1768 2752 somno.
1841 2737 1847 2743 .

234 2786 380 2840 1180
412 2775 698 2855 multaque
724 2786 1022 2855 praeterea
1043 2780 1238 2837 mortis
1262 2786 1376 2836 tum
1400 2779 1560 2854 signa
1582 2777 1881 2852 dabantur,

412 2861 743 2939 perturbata
762 2862 927 2921 animi
949 2879 1109 2921 mens
1132 2862 1186 2920 in
1209 2877 1467 2921 maerore
1497 2871 1763 2939 metuque
1780 2907 1797 2937 ‚

412 2943 965 3023 triste-supercilium
986 2990 1002 3022 ,
1028 2944 1275 3005 furiosus
1300 2943 1488 3005 voltus
1516 2955 1573 3005 et
1597 2963 1731 3005 acer
1750 2991 1765 3021 ‚

413 3027 698 3089 sollicitae
721 3046 892 3107 porro
915 3027 1238 3107 plenaeque
1262 3031 1562 3089 sonoribus
1586 3047 1751 3088 aures
1769 3074 1785 3106 ,

413 3113 621 3173 creber
644 3114 875 3191 spiritus
900 3120 992 3172 aut
1021 3114 1227 3190 ingens
1251 3129 1493 3192 raroque
1521 3123 1749 3173 coortus
1767 3159 1784 3190 ,

231 3206 376 3262 1185
409 3197 746 3276 sudorisque
774 3196 1004 3256 madens
1028 3214 1133 3275 per
1160 3196 1369 3256 collum
1397 3195 1726 3276 splendidus
1751 3213 1941 3270 umor,

414 3283 601 3341 tenvia
625 3290 788 3359 sputa
810 3282 1017 3341 minuta
1035 3326 1051 3358 ,
1080 3282 1236 3340 croci
1263 3290 1522 3341 contacta
1553 3280 1749 3340 colore

414 3364 680 3444 salsaque
696 3411 714 3442 ,
737 3384 844 3444 per
867 3364 1063 3424 fauces
1091 3382 1292 3423 raucas
1315 3366 1412 3423 vix
1435 3365 1581 3424 edita
1607 3364 1766 3423 tussi.

412 3452 467 3508 in
491 3450 746 3509 manibus
769 3467 911 3508 vero
934 3449 1095 3508 nervi
1122 3447 1348 3507 trahere
1372 3459 1429 3507 et
1451 3458 1697 3506 tremere
1722 3455 1873 3503 artus

411 3552 442 3593 a
466 3533 826 3611 pedibusque
849 3533 1152 3590 minutatim
1179 3531 1495 3591 succedere
1521 3530 1698 3604 frigus
1807 3603 1881 3656 Π
1902 3598 1930 3630 *

2125 265 2243 328 195
