2409 3825
302 170 385 235 36
538 193 543 197 ·
1120 175 1427 231 cATvLm
2051 177 2258 248 [an.

286 369 291 376 ·
428 337 582 404 Non
624 338 861 403 frustra
889 338 1308 423 meditantur,
1348 337 1589 402 habent
1614 338 2032 403 memorabile
2070 339 2255 423 quod

1604 423 1707 488 sit.

429 507 570 573 Nec
611 508 844 572 mirum
855 556 874 591 ,
917 507 1172 591 penitus
1219 529 1376 591 quae
1418 509 1558 571 tota
1598 509 1814 571 mente
1857 507 2183 573 laborent.

336 606 398 655 15
427 592 568 657 Nos
612 593 737 657 alio
779 596 1056 675 mentes,
1102 592 1227 662 alio
1275 591 1602 655 divisimus
1647 612 1860 656 aures:

329 721 335 725 >
432 676 577 741 Iure
620 677 818 761 igitur
858 676 1217 760 vincemur,
1261 677 1434 739 amat
1473 674 1742 740 victoria
1785 696 2025 741 curam.

435 760 641 835 Quare
682 781 854 825 nunc
899 760 1146 824 animos
1190 760 1419 823 saltem
1463 760 1813 823 convertite
1855 763 2110 824 vestros
2127 809 2149 844 ,

435 843 663 910 Dicere
706 844 835 907 iam
878 843 1218 928 incipient,
1261 844 1390 907 iam
1432 842 1817 926 respondere
1860 842 2137 909 decebit.

516 953 776 1036 Hymen
806 974 843 1016 o
873 951 1272 1035 Hymenaee,
1312 950 1570 1036 Hymen
1597 951 1746 1016 ades
1776 973 1814 1016 o
1844 937 2252 1035 Hymenaee.

337 1110 403 1158 20
432 1096 717 1179 Hespere
729 1145 748 1179 ,
795 1096 904 1179 qui
948 1096 1123 1160 caelo
1168 1093 1369 1159 fertur
1412 1094 1725 1160 crudelior
1764 1093 1981 1180 igffis?

435 1179 558 1255 Qui
598 1182 817 1244 natam
857 1180 1066 1263 possis
1112 1179 1428 1262 conplexu
1468 1179 1737 1243 avellere
1780 1179 2005 1243 matris
2020 1229 2039 1262 ,

440 1264 774 1348 Conplexu
814 1264 1037 1328 matris
1079 1262 1464 1328 retinentem
1506 1263 1777 1327 avellere
1818 1267 2036 1327 natam

434 1348 525 1413 Et
565 1348 779 1414 iuveni
822 1347 1067 1412 ardenti
1113 1351 1353 1412 castam
1395 1347 1631 1411 donare
1673 1348 1971 1430 puellam.

440 1432 613 1514 Quid
654 1433 901 1497 faciunt
939 1431 1158 1496 hostes
1208 1434 1393 1515 capta
1435 1429 1748 1496 crudelius
1791 1430 1989 1495 urbe?

340 1555 406 1604 25
519 1542 778 1625 Hymen
807 1563 845 1606 o
874 1540 1274 1624 Hymenaee,
1304 1540 1561 1623 Hymen
1590 1540 1740 1605 ades
1772 1561 1810 1603 o
1839 1539 2254 1623 Hymenaee!

439 1686 756 1770 Hespere,
804 1684 913 1768 qui
956 1685 1130 1749 caelo
1172 1685 1346 1749 lucet
1385 1683 1716 1749 iocundior
1757 1683 1972 1768 ignis?

440 1769 565 1844 Qui
608 1770 924 1852 desponsa
963 1771 1075 1832 tua
1116 1765 1329 1833 firmes
1374 1769 1649 1833 conubia
1694 1767 1953 1831 flamma
1966 1816 1985 1851 ,

441 1854 615 1929 Quae
655 1854 956 1939 pepigere
998 1853 1150 1936 viri,
1193 1853 1578 1939 pepigerunt
1619 1855 1768 1917 ante
1809 1855 2110 1936 parentes

270 2008 275 2011 ,
438 1938 578 2004 Nec
619 1938 881 2003 iunxere
922 1937 1097 2023 prius
1143 1959 1333 2023 quam
1376 1959 1443 2002 se
1485 1940 1632 2001 tuus
1677 1937 1905 2002 extulit
1947 1937 2160 2002 ardor.

342 2037 410 2085 30
440 2021 606 2098 Quid
649 2023 834 2087 datur
876 2045 914 2086 a
956 2021 1117 2086 divis
1159 2021 1334 2086 felici
1376 2022 1655 2105 optatius
1697 2020 1900 2256 jora?

524 2132 783 2216 Hymen
811 2153 849 2196 o
880 2131 1280 2214 Hymenaee,
1312 2136 1563 2214 Hymen
1591 2130 1707 2195 ade
1766 2151 1807 2241 ὁο
1837 2106 2256 2281 ἒγιῃθηαθθῑ

1004 2241 1040 2278 ³12
1263 2267 1268 2271 ·
1498 2239 1533 2278 ³1⁶
1778 2251 1811 2290 χ

442 2351 767 2435 Hesperus
813 2371 847 2413 e
888 2350 1076 2413 nobis
1092 2400 1109 2432 ,
1157 2287 1477 2433 aeguales,
1524 2349 1787 2413 abstulit
1798 2292 2020 2413 sunam

1008 2459 1044 2497 δὲ
1502 2459 1537 2497 ²12

525 2560 781 2646 Hymen
824 2581 857 2627 o
887 2507 1291 2644 Hymenaee?
1321 2560 1574 2644 Hymen
1603 2560 1753 2627 ades
1779 2580 1814 2624 o
1843 2559 2257 2643 Hymenaee!

1008 2670 1043 2708 ³1³

1254 2717 1290 2756 *
1500 2670 1537 2709 8

442 2783 735 2866 Namque
776 2783 888 2845 tuo
935 2780 1210 2845 adventu
1249 2779 1476 2865 vigilat
1519 2777 1804 2844 custodia
1847 2800 2118 2862 semper.

442 2867 652 2933 Nocte
693 2866 897 2930 latent
935 2866 1107 2929 fures
1121 2912 1140 2946 ,
1186 2884 1346 2947 quos
1389 2863 1557 2928 idem
1601 2884 1788 2946 saepe
1829 2866 2158 2929 revertens
2173 2912 2194 2948 ,

347 2965 413 3013 35
441 2951 754 3034 Hespero,
797 2951 1042 3013 mutato
1088 2948 1468 3031 conprendis
1510 2946 1771 3012 nomine
1814 2947 2012 3013 Eous.

444 3037 537 3098 At
577 3034 738 3098 libet
777 3032 1064 3116 innuptis
1107 3033 1258 3097 ficto
1303 3037 1367 3097 te
1413 3053 1668 3116 carpere
1713 3034 1956 3116 questu.

447 3118 610 3192 Quid
632 3122 789 3200 tum,
812 3117 867 3180 si
890 3119 1177 3200 carpunt,
1198 3116 1396 3181 tacita
1417 3138 1604 3200 quem
1631 3118 1844 3181 mente
1866 3115 2245 3200 requirunt?

529 3223 785 3304 Hymen
814 3245 853 3288 o
883 3223 1280 3308 Hymenaee,
1312 3224 1569 3309 Hymen
1599 3224 1748 3289 ades
1779 3245 1817 3289 o
1848 3223 2246 3309 Hymenaee!

447 3356 538 3418 Vt
577 3360 696 3423 flos
739 3363 809 3426 in
851 3366 1087 3448 saeptis
1133 3369 1411 3430 secretus
1454 3368 1736 3433 nascitur
1776 3367 2016 3455 hortis,

350 3442 417 3489 40
444 3434 710 3516 Ignotus
755 3447 999 3528 pecori,
1041 3449 1222 3513 nullo
1268 3452 1604 3516 convolsus
1649 3454 1890 3537 aratro,

2391 1943 2397 2037 ἦ

2381 3390 2396 3421 Ε
2357 2724 2397 3361 ἅμ-’Ἂ-»ι,.-ζ-.
2383 2588 2397 2703 nh.-
