2409 3825
734 176 936 226 xvm.
1020 176 1369 227 numanus.
1415 174 1463 225 1.
1928 186 1937 192 ·
1973 164 2055 230 71

117 314 344 400 regios
398 316 565 379 esset
617 312 893 398 perlata,
947 313 1241 377 celeriter
1294 334 1562 378 munera
1617 334 1693 378 eo
1749 316 2058 400 cuiusque

164 398 385 465 eneris
428 401 583 464 sunt
623 396 836 463 allata.
910 397 1013 463 his
1057 397 1510 482 quaerentibus
1538 399 1915 483 Agesilaum
1947 402 2058 465 vix

166 482 285 548 des
314 483 488 548 facta
521 485 636 563 est,
678 503 881 547 unum
910 502 1045 546 esse
1084 502 1162 546 ex
1190 482 1292 566 iis,
1337 482 1449 566 qui
1474 485 1615 546 tum
1642 485 2055 549 accubabant.

120 568 243 651 qui
297 588 446 632 cum
486 588 554 630 re
607 567 656 629 's
698 566 909 631 verbis
952 587 1115 663 quae
1157 566 1511 632 attulerant
1550 566 1901 652 dedissent,
1944 569 2055 634 ille
2084 583 2120 631 4

118 588 768 735 pmeffvitxffinam
823 653 889 715 et
931 649 1247 717 emsmodi
1288 670 1526 736 genera
1567 651 1851 736 obsonii,
1898 673 2058 736 quae

120 756 434 820 praesens
460 740 713 818 tempus
742 734 1157 818 desiderabat,
1192 734 1361 800 nihil
1389 734 1660 818 accepit:
1705 741 2055 822 unguenta,

121 841 406 885 coronas
434 819 899 903 secundamque
926 839 1218 884 mensam
1245 819 1445 884 servis
1475 818 1809 904 dispertiit,
1847 825 2058 886 cetera

120 904 361 970 referri
415 903 618 969 iussit.
705 924 833 987 quo
887 903 1060 968 facto
1114 925 1263 968 eum
1303 903 1561 968 barbari
1611 905 1818 990 magis
1861 906 2054 970 etiam
2083 918 2117 967 5

121 991 678 1085 contempserunt,
723 987 896 1071 quod
928 1008 1076 1052 eum
1104 987 1475 1073 ignorantia
1500 989 1817 1054 bonarum
1845 1011 2060 1054 rerum

121 1073 247 1138 illa
335 1072 694 1137 otissimum
749 1071 1093 1155 sumpsisse
1136 1071 1630 1138 arbitrabantur.

285 1094 429 1221 Il'ffio
469 1177 628 1221 cum
680 1177 761 1222 ex
806 1158 1108 1240 Aegypto
1172 1160 1625 1243 reverteretur,
1691 1157 1964 1223 donatus
2018 1181 2059 1223 a
2085 1171 2119 1220 6

124 1260 286 1327 rege
324 1239 762 1307 Nectanabide
806 1239 1098 1305 ducentis
1139 1234 1374 1326 viginti
1415 1241 1694 1326 talentis,
1740 1263 1902 1326 quae
1947 1242 2059 1307 ille

121 1324 1325 1474 ffissssssssipsssseussssussuffit’issamr'
1246 1326 2059 1492 οξξέἑεῗὲἲὲωἰέἒ

123 1495 201 1560 in
244 1493 544 1559 morbum
585 1459 960 1576 implicitus·
973 1491 1259 1558 decessit.
1345 1492 1438 1557 ibi
1481 1514 1628 1558 eum
1671 1430 1894 1577 amss?
1926 1459 2057 1578 qud
2086 1505 2119 1555 7

127 1577 434 1663 Spartam
495 1577 747 1643 facilius
811 1577 1092 1662 perferre
1145 1579 1440 1661 possent,
1507 1577 1681 1661 quod
1740 1578 1870 1641 mel
1923 1599 2063 1643 non

125 1662 478 1747 habebant,
521 1682 667 1728 cera
685 1661 1241 1727 circumfuderunt
1274 1664 1468 1746 atque
1509 1661 1605 1726 ita
1631 1661 1893 1727 domum
1934 1665 2062 1727 ret-

125 1746 443 1813 tulerunt.

674 2102 939 2178 XVHI.
1026 2101 1502 2179 EUMENES.

301 2250 626 2319 Eumenes
668 2250 1039 2318 Cardianus,
1123 2252 1318 2317 huius
1371 2251 1427 2317 si
1465 2252 1690 2318 virtuti
1747 2272 1866 2337 par
1916 2251 2066 2318 data
2097 2252 2129 2315 1

130 2341 304 2405 esset
365 2337 660 2419 fortuna,
713 2357 852 2402 non
912 2336 1022 2401 ille
1074 2337 1335 2421 quidem
1397 2337 1631 2421 maior,
1690 2336 1802 2402 sed
1854 2337 2060 2403 multo

131 2422 450 2488 illustrior
491 2426 685 2505 atque
728 2421 923 2485 etiam
963 2420 1373 2503 honoratior,
1418 2421 1591 2505 quod
1633 2442 1903 2506 magnos
1945 2421 2060 2486 ho-

131 2509 342 2573 mines
370 2507 609 2571 virtute
636 2504 954 2588 metimur,
996 2526 1133 2570 non
1158 2504 1442 2570 fortuna.
1527 2526 1682 2569 nam
1711 2526 1856 2588 OQ
1884 2509 2059 2569 aetas
2088 2517 2122 2566 2

132 2593 273 2657 eius
315 2590 644 2656 incidisset
682 2590 755 2654 in
796 2610 873 2655 ea
909 2594 1220 2673 tempora,
1264 2589 1498 2672 quibus
1525 2586 1907 2654 Macedones
1948 2588 2063 2653 flo-

132 2679 381 2759 rerent,
446 2674 721 2741 multum
774 2673 834 2738 ei
877 2672 1153 2738 detraxit
1192 2674 1365 2737 inter
1417 2693 1528 2738 eos
1570 2672 1844 2755 viventi,
1889 2671 2064 2756 quod

131 2760 383 2826 alienae
427 2763 566 2823 erat
605 2757 913 2840 civitatis,
956 2778 1164 2842 neque
1210 2756 1384 2822 aliud
1425 2756 1576 2821 huic
1620 2754 1825 2820 defuit
1869 2777 2061 2840 quam

130 2865 449 2930 generosa
489 2843 701 2990 stisff.
788 2842 908 2907 etsi
961 2842 1071 2908 ille
1117 2840 1467 2906 domestico
1522 2861 1770 2906 summo
1825 2861 2059 2925 genere
2088 2853 2123 2903 3

133 2933 290 3011 erat,
333 2931 554 2992 tamen
667 2927 976 2992 acedones
1019 2947 1165 2991 eum
1210 2925 1332 2990 sibi
1363 2924 1708 3009 aliquando
1752 2927 2065 3010 anteponi

131 3013 402 3098 indigne
428 3010 741 3094 ferebant,
785 3031 994 3095 neque
1022 3014 1242 3076 tamen
1268 3032 1404 3075 non
1431 3010 1871 3094 patiebantur:
1925 3010 2063 3073 vin-

130 3097 323 3162 cebat
362 3096 539 3161 enim
584 3116 805 3160 omnes
849 3116 1027 3178 cura,
1085 3095 1453 3180 vigilantia,
1500 3093 1842 3178 patientia,
1888 3093 2063 3158 calli-

129 3182 332 3247 ditate
376 3185 443 3245 et
485 3178 807 3246 celeritate
851 3178 1115 3265 ingenii.

302 3264 429 3330 Hic
458 3264 1085 3348 peradulescentulus
1120 3263 1201 3329 ad
1231 3263 1575 3328 amicitiam
1608 3262 1872 3327 accessit
1908 3261 2059 3326 Phi·
2086 3273 2125 3322 4

130 3348 328 3435 lippi,
377 3352 505 3414 Am
596 3353 699 3414 tae
752 3348 899 3431 filii,
954 3347 1261 3432 brevique
1305 3352 1594 3429 tempore
1646 3346 1718 3410 in
1766 3347 2063 3410 intimam

127 3434 432 3520 pervenit
516 3433 1018 3498 amiliaritatem:
1073 3432 1365 3516 fulgebat
1407 3431 1578 3495 enim
1627 3431 1757 3494 iam
1799 3431 1870 3493 in
1911 3426 2061 3490 adu-
