2409 3825
197 187 348 258 HL]

1046 186 1279 243 LIBER.
2053 178 2139 245 25

464 347 561 413 Vt
594 349 808 414 tecum
849 349 1169 433 loquerer,
1215 348 1528 432 simulque
1569 349 1643 412 ut
1684 368 1907 414 essem.

463 435 557 497 At
598 433 847 497 defessa
886 433 1104 498 labore
1147 433 1432 499 membra
1517 434 1811 516 ostquam

464 515 890 581 Semimortua
931 517 1167 582 lectulo
1211 455 1532 600 iacebant),
2071 527 2139 577 15

460 598 637 684 Hoc,
681 600 985 684 iocunde,
1027 600 1149 665 tibi
1189 622 1421 685 poema
1461 600 1616 684 feci,

460 683 564 748 Ex
606 705 733 768 quo
822 685 1168 769 erspiceres
1211 707 1424 750 meum
1466 684 1769 750 dolorem.

460 767 526 833 N
527 788 653 833 unc
695 706 901 833 audax
943 789 1093 834 cave
1137 769 1225 833 sis
1237 818 1257 852 ,
1300 789 1643 854 precesque
1683 769 1967 852 nostrae,

467 850 738 917 Oramus
748 901 770 936 ,
817 873 966 918 cave
1011 852 1309 949 despua8‚
1356 853 1586 937 ocelle,

462 934 563 1000 Ne
603 956 848 1019 poenas
888 935 955 1002 N
957 958 1183 1000 emesls
1223 939 1520 1021 reposcat
1559 959 1599 1001 a
1640 939 1723 1000 te.
2068 946 2143 996 20

461 1017 587 1084 Est
625 1040 883 1085 vemens
928 1019 1076 1085 dea:
1119 1020 1369 1086 laedere
1410 1021 1576 1086 hanc
1620 1021 1860 1086 cavete.

1106 1234 1225 1308 LI.

462 1345 583 1411 Ille
624 1348 716 1412 mi
803 1369 875 1412 aa·
917 1369 1054 1412 esse
1098 1347 1218 1413 deo
1262 1348 1541 1432 videtur,

465 1429 618 1514 Ille,
663 1431 718 1495 si
789 1452 861 1497 as
903 1434 1029 1514 est,
1073 1452 1370 1515 superare
1415 1431 1625 1516 diVOS,
1754 1430 1770 1439 ’

467 1513 590 1591 Qui
633 1514 859 1581 sedens
903 1516 1200 1581 adversus
1244 1515 1592 1582 identidem
1632 1519 1699 1580 te

659 1598 920 1683 Spectat
962 1602 1029 1665 et
1069 1599 1247 1665 audit

464 1680 670 1748 Dulce
710 1683 1055 1767 ridentem,
1098 1684 1331 1748 misero
1374 1684 1544 1768 quod
1588 1682 1799 1748 omnis
2102 1692 2138 1744 ὅ

464 1765 581 1831 Ε11
626 1767 680 1829 it
721 1788 944 1832 sensus
987 1767 1175 1832 mihi:
1220 1789 1370 1832 nam
1412 1768 1604 1832 simul
1643 1771 1737 1849 te,

462 1849 588 1916 Les
633 1850 727 1935 ia,
772 1851 1021 1936 aspexi,
1064 1851 1229 1917 nihil
1272 1854 1371 1917 est
1412 1873 1600 1936 super
1641 1852 1733 1915 mi

464 2019 718 2105 Lingua
759 2019 869 2085 sed
911 2023 1157 2105 torpet,
1200 2020 1414 2085 tenuis
1457 2020 1576 2085 sub
1618 2022 1792 2085 artus

465 2103 757 2168 Flamma
798 2104 1123 2188 demanat,
1168 2105 1383 2169 sonitu
1427 2106 1653 2188 suopte
2074 2116 2142 2165 10

467 2187 807 2252 Tintinant
846 2209 1028 2253 aures
1070 2189 1389 2274 geminae,
1429 2191 1735 2273 teguntur

660 2270 933 2336 Lumina
972 2276 1179 2339 nocte.

1091 2479 1189 2551 LI
1202 2478 1252 2554 b.
1648 2543 1655 2560 ἱ

472 2590 720 2676 Otium,
765 2591 1044 2676 Catulle,
1088 2592 1210 2657 tibi
1251 2592 1679 2657 molestumst:

474 2676 623 2740 Otio
668 2678 913 2741 exultas
954 2677 1348 2761 nimiumque
1437 2676 1609 2741 estis,

473 2759 691 2825 Otium
735 2763 800 2825 et
838 2783 1022 2846 reges
1061 2829 1066 2833 ,
1108 2761 1242 2827 rius
1285 2763 1351 2826 et
1435 2762 1608 2826 eatas
2078 2770 2142 2821 15

664 2843 951 2909 Perdidit
988 2866 1066 2910 111·
1111 2867 1197 2910 es,

1101 3051 1258 3125 LII.

473 3163 641 3242 Quid
683 3167 811 3250 est,
858 3165 1151 3231 Catulle?
1197 3165 1349 3250 quid
1389 3166 1656 3231 moraris
1700 3161 1942 3232 emori?

474 3248 644 3315 Sella
684 3250 755 3314 in
797 3250 998 3316 curuli
1042 3253 1283 3315 struma
1322 3248 1574 3315 Nonius
1618 3250 1825 3334 sedet,

472 3333 595 3398 Per
639 3335 1037 3400 consulatum
1078 3335 1324 3419 peierat
1363 3332 1695 3400 Vatinius:

474 3416 641 3494 Quid
685 3422 810 3502 est,
858 3418 1150 3485 Catulle?
1195 3418 1348 3503 quid
1389 3418 1658 3483 moraris
1703 3417 1944 3482 emori?
