2409 3825
165 131 283 196 106
1123 132 1204 192 IV

330 319 457 361 cum
478 300 613 359 tuba
636 298 917 380 depresso
941 301 1189 378 graviter
1211 301 1316 360 sub
1340 319 1624 361 murmure
1649 302 1829 379 mugit
2362 0 2405 433 1

330 394 386 445 et
407 384 607 443 reboat
629 402 860 444 raucum
878 386 1045 461 regio
1072 386 1182 444 cita
1204 383 1442 444 barbara
1467 384 1736 445 bombum
1753 431 1772 464 ‚

198 478 300 531 545
325 477 383 528 et
405 466 612 545 gelidis
639 469 803 542 cycni
824 478 997 528 nocte
1021 468 1136 527 oris
1162 486 1238 527 ex
1257 467 1553 529 Heliconis

331 570 457 612 cum
478 549 743 630 liquidam
764 550 968 612 tollunt
994 550 1226 628 lugubri
1249 568 1398 612 voce
1421 550 1753 631 querellam.
2014 619 2023 623 ,

411 634 600 696 Hasce
624 636 794 712 igitur
814 638 1040 714 penitus
1062 653 1244 696 voces
1272 653 1399 695 cum
1428 653 1675 715 corpore
1701 646 1898 697 nostro
2407 647 2409 653 ’

330 720 690 798 exprimimus
712 728 991 798 rectoque
1015 719 1168 780 foras
1192 721 1494 780 emittimus
1518 737 1652 797 ore,

328 801 554 862 mobilis
575 800 834 875 articulat
854 803 1158 863 verborum
1179 802 1413 864 daedala
1442 802 1632 881 lingua
1653 848 1673 881 ,

205 900 309 951 550
330 888 749 964 formaturaque
770 885 1054 945 labrorum
1079 904 1186 967 pro
1210 897 1374 965 parte
1399 888 1617 965 figurat.
2373 874 2391 899 ⁵

331 970 445 1030 hoc
468 970 563 1028 ubi
586 986 698 1028 non
722 968 953 1047 longum
977 972 1275 1050 spatiumst
1298 970 1446 1031 unde
1471 989 1579 1030 una
1600 969 1864 1049 profecta

331 1055 627 1134 perveniat
650 1071 767 1113 vox
795 1072 1056 1133 quaeque
1076 1101 1094 1133 ‚
1119 1064 1426 1116 necessest
1447 1054 1626 1129 verba
1648 1070 1879 1133 quoque
1903 1055 2037 1133 ipsa

332 1137 501 1217 plane
526 1136 776 1197 exaudiri
800 1138 1163 1216 discernique
1190 1136 1557 1199 articulatim:

334 1230 524 1282 servat
546 1222 693 1281 enim
713 1221 1069 1281 formaturam
1089 1232 1396 1301 servatque
1422 1224 1672 1300 figuram.

206 1317 307 1368 555
334 1315 389 1365 at
412 1307 459 1365 si
482 1307 875 1383 interpositum
898 1309 1138 1385 spatium
1161 1309 1235 1367 sit
1257 1305 1484 1384 longius
1507 1322 1694 1384 aequo
1709 1349 1729 1382 ‚

336 1396 469 1449 aera
490 1406 597 1467 per
615 1387 847 1448 multum
872 1389 1138 1449 confundi
1160 1390 1338 1450 verba
1363 1399 1671 1451 necessest

312 1482 395 1533 ·et
420 1472 741 1533 conturbari
764 1491 969 1533 vocem
984 1518 1003 1551 ‚
1026 1473 1157 1532 dum
1178 1472 1488 1535 transvolat
1511 1491 1692 1534 auras.

336 1574 477 1633 ergo
504 1557 563 1617 fit
581 1602 598 1634 ‚
625 1558 868 1617 sonitum
893 1567 951 1617 ut
974 1558 1167 1637 possis
1190 1559 1439 1635 sentire,
1475 1575 1665 1637 neque
1688 1555 1839 1616 illam

334 1643 729 1702 internoscere
746 1686 765 1718 ‚
789 1641 1094 1701 verborum
1115 1643 1398 1701 sententia
1421 1660 1567 1720 quae
1591 1647 1696 1702 sit:

208 1735 315 1790 560
337 1743 519 1803 usque
543 1724 687 1784 adeo
714 1726 952 1786 confusa
971 1726 1128 1785 venit
1147 1742 1263 1784 vox
1288 1727 1459 1804 inque
1481 1724 1690 1805 pedita.

335 1818 634 1888 praeterea
654 1809 892 1869 verbum
912 1827 1090 1888 saepe
1113 1827 1283 1868 unum
1307 1810 1533 1888 perciet
1553 1810 1702 1869 auris

336 1893 593 1953 omnibus
617 1894 673 1954 in
695 1892 913 1971 populo
933 1938 950 1970 ‚
972 1895 1204 1954 missum
1226 1894 1528 1973 praeconis
1553 1892 1623 1952 ab
1651 1909 1769 1952 ore.

334 1979 391 2035 in
421 1974 620 2036 multas
647 1978 817 2053 igitur
839 1995 1018 2037 voces
1041 1995 1156 2037 vox
1175 1996 1285 2037 una
1313 1987 1554 2056 repente
2384 1959 2397 2040 l

336 2060 557 2137 diffugit
573 2105 590 2136 ‚
616 2061 671 2118 in
696 2061 884 2139 privas
910 2062 1170 2139 quoniam
1194 2080 1260 2121 se
1285 2061 1480 2121 dividit
1503 2062 1652 2120 auris
1669 2106 1687 2137 ‚
2386 2051 2397 2076 '

209 2155 311 2210 565
334 2144 640 2220 obsignans
664 2143 896 2204 formam
917 2144 1081 2204 verbi
1105 2143 1433 2224 clarumque
1458 2162 1741 2205 sonorem.

336 2237 395 2288 at
412 2245 557 2306 quae
580 2244 711 2305 pars
734 2244 940 2287 vocum
961 2246 1072 2287 non
1095 2230 1245 2289 auris
1268 2229 1462 2288 incidit
1483 2229 1638 2308 ipsas
1656 2273 1675 2306 ‚

338 2309 676 2390 praeterlata
699 2313 847 2389 perit
869 2311 1074 2371 frustra
1110 2311 1312 2372 diffusa
1334 2330 1440 2390 per
1459 2330 1651 2372 auras:

336 2413 467 2475 pars
486 2441 502 2472 ,
529 2392 726 2455 solidis
751 2392 927 2456 adlisa
943 2441 961 2473 ‚
986 2393 1132 2455 locis
1156 2385 1373 2455 reiecta
1399 2392 1664 2456 sonorem

335 2478 520 2539 reddit
542 2486 600 2539 et
622 2478 897 2538 interdum
919 2479 1218 2539 frustratur
1238 2481 1481 2556 imagine
1508 2479 1689 2539 verbi.

211 2571 316 2627 570
338 2581 483 2642 quae
508 2562 657 2623 bene
683 2581 810 2622 cum
831 2562 1027 2624 videas
1046 2609 1063 2641 ‚
1088 2565 1363 2622 rationem
1383 2562 1628 2623 reddere
1652 2564 1845 2640 possis

335 2656 455 2708 tute
478 2648 581 2707 tibi
602 2656 773 2726 atque
800 2646 923 2707 aliis
942 2693 960 2724 ‚
992 2664 1106 2725 quo
1128 2656 1300 2725 pacto
1323 2664 1430 2724 per
1449 2645 1581 2706 loca
1602 2645 1726 2706 sola
1862 2661 1867 2664 ·

338 2750 472 2792 saxa
492 2732 645 2810 paris
675 2731 884 2791 formas
907 2731 1214 2790 verborum
1238 2748 1312 2791 ex
1334 2730 1530 2790 ordine
1553 2728 1824 2808 reddant,

337 2815 576 2894 palantis
603 2817 841 2876 comites
864 2832 992 2875 cum
1012 2815 1218 2875 montis
1247 2814 1395 2876 inter
1418 2830 1634 2894 opacos

339 2900 656 2979 quaerimus
680 2908 739 2959 et
764 2916 964 2977 mag-na
987 2897 1282 2977 dispersos
1307 2915 1458 2958 voce
1483 2898 1718 2957 ciemus.

211 2991 312 3045 575
336 3001 441 3043 sex
462 2984 629 3043 etiam
649 2992 743 3043 aut
765 2993 991 3062 septem
1011 2981 1143 3041 loca
1162 2981 1278 3041 vidi
1299 2981 1544 3041 reddere
1561 2997 1741 3040 voces
1758 3024 1777 3057 ‚

336 3084 498 3125 unam
524 3084 651 3125 cum
671 3067 922 3127 iaceres:
946 3067 1023 3125 ita
1046 3063 1230 3126 colles
1255 3064 1499 3126 collibus
1521 3065 1631 3142 ipsi

335 3150 512 3210 verba
532 3148 894 3230 repulsantes
917 3149 1192 3210 iterabant
1217 3149 1385 3209 docta
1408 3148 1629 3208 referri.

338 3233 483 3294 haec
505 3232 634 3293 loca
662 3232 1000 3313 capripedes
1025 3242 1250 3307 satyros
1270 3231 1664 3311 nymphasque
1684 3240 1889 3291 ‘tenere
1964 3285 1969 3291 .

340 3317 551 3376 finitimi
575 3317 789 3393 fingunt
808 3362 826 3394 ‚
859 3326 918 3376 et
941 3316 1141 3375 faunos
1159 3317 1305 3376 'esse
1327 3314 1624 3391 locuntur,

214 3409 317 3462 ⁶530
339 3417 576 3480 quorum
599 3401 910 3475 noctivago
933 3401 1176 3477 strepitu
1199 3398 1452 3477 ludoque
1474 3398 1685 3457 iocanti
