2409 3825
330 168 419 233 24
923 254 928 259 ·
1149 172 1456 230 cATvtm
1919 173 2276 246 [xxxxvn.

501 334 751 419 Verpus
795 335 1164 419 praeposuit
1202 334 1468 420 Priapus
1511 335 1669 400 ille?

357 432 391 481 5
498 417 632 482 Vos
677 420 970 484 convivia
1011 420 1186 483 lauta
1228 423 1597 504 sumptuose

499 502 599 567 De
644 502 745 567 die
788 502 1042 568 facitis?
1086 503 1214 567 mei
1257 503 1506 568 sodales

501 585 828 663 Quaerunt
867 587 939 650 in
980 587 1169 651 trivi'o
1214 587 1631 652 vocationes?

1051 759 1520 875 xxxxvni.

501 923 783 987 Mellitos
829 922 1046 986 oculos
1090 925 1269 1005 tu08‚
1312 919 1597 1005 Iuventi,

503 1006 715 1090 Siquis
757 1027 859 1070 me
905 1006 1075 1070 sinat
1116 1026 1315 1103 usquc
1357 1006 1634 1089 basiare,

499 1090 716 1174 Vsque
761 1089 843 1154 ad
884 1090 1062 1154 milia
1102 1090 1346 1154 baslem
1386 1093 1699 1173 trecenta,

498 1174 638 1240 Nec
679 1196 787 1238 um
831 1195 981 1238 uam
1023 1173 1237 1238 videar
1281 1177 1456 1238 satur
1500 1174 1746 1239 futurus
1756 1221 1783 1258 ‚

355 1273 391 1322 5
496 1258 648 1323 Non
691 1259 746 1323 si
790 1195 1045 1322 densior
1088 1257 1283 1322 aridis
1326 1259 1536 1322 aristis

500 1341 601 1407 Sit
639 1345 896 1406 nostrae
940 1363 1121 1427 seges
1167 1342 1599 1406 osculationis,

1040 1555 1544 1631 XXXXVIIII.

498 1678 930 1743 Disertissime
973 1677 1254 1742 Romuli·
1274 1684 1608 1763 nepotum,

499 1762 671 1840 Quot
714 1765 866 1843 sunt
905 1766 1185 1846 quotque
1229 1762 1435 1846 fuere,
1480 1763 1690 1827 Marce
1734 1762 1946 1847 Tulli,

500 1846 793 1930 Quotque
881 1848 984 1910 ost
1025 1846 1166 1910 aliis
1213 1851 1402 1910 erunt
1442 1848 1512 1910 in
1553 1848 1770 1930 anniS‚

501 1931 756 1996 Gratias
798 1869 919 1995 uzi
961 1932 1270 1995 maximas
1316 1930 1611 1997 Catullus

353 2029 389 2078 5
496 2016 658 2099 Agit
698 2015 1010 2099 pessimus
1054 2016 1339 2080 omnium
1381 2019 1599 2099 poeta,

497 2099 705 2163 Tanto
749 2100 1060 2183 pessimus
1106 2101 1393 2163 omnium
1435 2104 1627 2183 poeta

498 2183 751 2258 Quanto
792 2185 867 2247 tu
911 2184 1189 2266 optimus
1235 2184 1519 2249 omnium
1561 2186 1892 2268 patronus.

1249 2399 1331 2473 L.

495 2518 844 2601 Hestern0‚
887 2519 1125 2604 Licini,
1170 2522 1272 2586 die
1316 2522 1506 2586 otiosi

496 2603 765 2667 Multum
814 2604 1078 2669 lusimus
1122 2607 1192 2670 in
1233 2606 1393 2669 meis
1435 2606 1722 2690 tabellis,

495 2687 587 2752 Vt
629 2692 1013 2753 convenerat
1054 2710 1191 2754 esse
1237 2690 1561 2755 delicatos

497 2771 795 2836 Scribens
837 2774 1181 2838 versiculos
1225 2778 1489 2858 uterque
1532 2777 1824 2838 nostrum

355 2857 438 2919 δῖ
494 2855 783 2920 Ludebat
822 2878 1087 2921 numero
1131 2858 1322 2923 modo
1365 2857 1491 2923 hoc
1531 2859 1721 2923 modo
1766 2860 1950 2942 illoc,

413 2979 424 2988 -
495 2938 790 3004 Reddens
835 2945 1053 3005 mutua
1093 2964 1208 3025 per
1251 2943 1460 3008 iocum
1503 2945 1692 3027 atque
1735 2944 1978 3008 vinum.

495 3026 708 3107 Atque
751 3024 931 3089 illinc
974 3025 1102 3089 abii
1143 3031 1255 3090 tuo
1290 3027 1517 3110 ,lepore

493 3107 799 3172 Incensus
810 3156 829 3191 ,
874 3108 1080 3173 Licini
1091 3159 1111 3192 ,
1156 3110 1528 3194 facetiisque
1539 3161 1557 3192 ‚

495 3189 587 3254 Vt
628 3211 747 3253 nec
790 3212 893 3254 me
934 3193 1238 3257 miserum
1282 3195 1459 3258 cibus
1503 3196 1776 3276 iuvaret,

327 3280 394 3326 ιο
490 3269 629 3332 Nec
673 3292 933 3337 somnus
977 3278 1224 3358 tegeret
1266 3278 1476 3360 quiete
1519 3279 1755 3342 ocellos
1765 3327 1791 3361 ,

496 3349 620 3411 Sed
660 3355 797 3416 toto
842 3356 1190 3422 indomitus
1235 3359 1447 3424 furore
1490 3362 1654 3425 lecto

493 3427 795 3496 Versarer
837 3440 1098 3521 cupiens
1142 3442 1354 3506 videre
1404 3444 1642 3527 lucem,
