2409 3825
201 148 358 222 xm]

1052 143 1285 199 LIBER.
2102 134 2142 199 7

379 309 529 375 Sive
573 328 700 392 qua
742 305 1281 391 septemgeminus
1326 305 1570 370 colorat
1635 333 1641 339 ·

783 391 1082 474 Aequora
1120 387 1313 453 Nilus
1325 438 1345 473 ,

381 476 528 543 Sive
568 478 750 540 trans
793 474 954 538 altas
996 472 1323 571 graqietur
1365 473 1597 557 Alpes,
1612 558 1625 570 ·

382 560 674 628 Caesaris
716 559 930 623 visens
973 559 1369 622 mommenta
1410 579 1657 642 magni,
2078 567 2145 616 ιο
2270 587 2275 593 ,

383 644 701 711 Gallicum
740 642 1062 724 Rhenum,
1105 640 1412 706 horribile
1455 662 1692 724 aequor
1732 640 1879 705 ulti·

784 747 1049 810 mosque
1091 723 1439 790 Britannos
1450 774 1470 808 ,

383 811 621 879 Omnia
660 810 846 894 haec,
894 831 1327 895 quaecumque
1370 810 1534 874 feret
1574 809 1868 873 voluntas

379 895 731 979 Caelitum,
774 898 1086 979 temptare
1130 894 1321 958 simul
1361 893 1598 979 parati,

382 981 595 1046 Pauca
637 980 927 1044 nuntiate
969 1000 1148 1042 meae
1190 977 1440 1062 puellae
2078 989 2144 1038 15

787 1061 941 1128 Non
983 1062 1154 1126 bona
1197 1062 1384 1126 dicta.

381 1148 545 1213 Gum
590 1148 718 1212 suis
760 1148 932 1212 vivat
972 1147 1303 1232 valeatque
1344 1146 1659 1230 moechis,

379 1232 557 1308 Quos
601 1232 790 1296 simul
834 1231 1142 1316 conplexa
1182 1233 1362 1294 tenet
1401 1234 1752 1312 trecentos,

385 1313 657 1381 Nullum
699 1337 920 1380 amans
963 1336 1138 1399 vere,
1185 1314 1299 1378 sed
1340 1314 1688 1379 identidem
1731 1315 2018 1378 omnium

788 1399 910 1464 Ilia
949 1420 1283 1481 rumpens:
2076 1412 2147 1459 20

382 1482 450 1550 N
453 1505 523 1548 ec
567 1505 780 1548 meum
821 1485 1164 1566 respectet,
1208 1485 1282 1545 ut
1323 1485 1502 1564 ante,
1548 1503 1860 1566 amorem,

380 1567 511 1643 Qui
552 1567 723 1631 illius
769 1567 956 1650 culpa
998 1565 1231 1630 cecidit
1270 1565 1444 1630 velut
1484 1567 1652 1649 prati

383 1649 613 1717 Vltimi
654 1651 773 1715 flos
785 1700 804 1734 ‚
849 1652 1098 1733 praeter
1142 1657 1330 1714 eunte
1372 1653 1713 1734 postquam

793 1733 1027 1799 Tactus
1071 1736 1363 1799 aratrost.

1097 1923 1257 1999 ΧΠ.

383 2038 747 2105 Marrucine
788 2039 1007 2124 Asini,
1052 2061 1249 2103 manu
1291 2039 1549 2103 sinistra

384 2123 539 2190 Non
580 2123 747 2188 belle
790 2123 986 2187 uteris
1029 2124 1099 2188 in
1140 2124 1282 2192 ioco
1329 2127 1516 2207 atque
1559 2123 1746 2190 vino=

384 2207 589 2272 Tollis
632 2208 833 2272 lintea
874 2208 1445 2293 neglegentiorum.

385 2291 530 2356 Hoc
575 2291 813 2356 salsum
856 2313 994 2357 esse
1035 2292 1270 2378 putas?
1314 2292 1484 2376 fugit
1525 2295 1617 2375 te,
1663 2293 1912 2377 inepte:

381 2376 692 2452 Quamvis
736 2375 992 2441 sordida
1032 2398 1133 2441 res
1180 2378 1246 2441 et
1286 2377 1703 2442 invenustast.
2113 2390 2148 2439 ὅ

383 2459 543 2526 Non
586 2460 789 2525 credis
833 2459 1035 2525 mihi‘?
1091 2460 1275 2526 crede
1317 2459 1573 2525 Polioni

386 2543 627 2627 Fratri,
671 2544 781 2629 qui
821 2547 935 2609 tua
978 2545 1150 2608 furta
1190 2544 1295 2608 vel
1335 2544 1580 2609 talento

383 2628 627 2693 Mutari
668 2628 850 2693 velit:
895 2631 997 2692 est
1038 2628 1211 2693 enim
1252 2628 1543 2713 leporum

385 2711 680 2777 Disertus
708 2717 882 2796 'puer
923 2733 997 2776 ac
1037 2712 1434 2778 facetiarum.

381 2795 594 2874 Quare
638 2799 751 2860 aut
788 2795 1355 2880 hendecasyllabos
1399 2800 1719 2862 trecentos
2083 2811 2150 2860 10

384 2879 674 2963 Expecta
716 2883 826 2945 aut
867 2880 1025 2945 mihi
1067 2881 1336 2945 linteum
1379 2881 1629 2945 remitte
1643 2930 1664 2966 ,

382 2963 573 3042 Quod
614 2984 719 3028 me
760 2985 895 3028 non
935 2968 1151 3030 movet
1191 2965 1664 3049 aestimatione,

327 3125 340 3131 0
386 3047 693 3112 Verumst
732 3070 1220 3132 mnemosynum
1259 3050 1389 3114 mei
1431 3048 1684 3114 sodalis

384 3131 559 3199 Nam
603 3131 856 3197 sudaria
898 3131 1166 3198 Saetaba
1209 3154 1287 3198 ex
1328 3133 1625 3199 Hibereis

387 3215 703 3281 Miserunt
741 3216 901 3281 mihi
942 3218 1193 3282 muneri
1235 3217 1539 3283 Fabullus
2085 3231 2149 3279 15

386 3299 479 3365 Et
518 3298 865 3366 Veranius:
910 3301 1068 3367 haec
1112 3323 1321 3367 amem
1361 3306 1686 3367 necessest

387 3381 481 3450 Vt
516 3383 932 3452 Veraniolum
973 3407 1184 3450 meum
1229 3390 1294 3451 et
1334 3386 1690 3452 Fabullum.
