2409 3825
1493 107 2124 259 Pasas&

1726 259 1919 373 ΑΖ.

1643 411 1894 507 κω)

802 572 1605 671 PRAEFArla·

286 782 363 874 ln
389 813 858 889 recognoscendo
880 814 1213 871 Lucretiano
1225 818 1485 874 ‘carmine
1510 833 1636 873 eam
1663 825 2037 889 persequutus
2061 838 2186 875 sum

157 904 358 974 viam,
409 917 579 972 quam
610 899 742 955 olim
773 898 1092 969 significavi
1121 900 1179 956 in
1222 902 1684 958 commentatione
1715 902 1784 957 de
1816 904 2186 961 emendatione

156 988 424 1045 Lucretii
447 984 595 1041 Novi
619 982 804 1037 Musei
833 981 1093 1039 Rhenani
1132 985 1407 1041 volumini
1435 984 1506 1055 V,
1538 987 1649 1043 533
1692 985 1923 1042 inserta.
1998 988 2183 1059 Prope

166 1070 423 1127 eandem
442 1069 598 1126 viam
627 1083 753 1122 cum
781 1066 1175 1123 Lachmannus
1201 1074 1419 1125 teneret
1439 1064 1498 1123 in
1524 1070 1855 1126 recensione
1879 1086 2001 1140 sua,
2028 1072 2185 1126 cuius

169 1156 414 1212 virtutes
455 1152 692 1209 laudare
738 1152 889 1208 velle
940 1152 1294 1209 ambitiosum
1339 1154 1512 1208 soret=
1562 1158 1747 1208 tamen
1796 1154 1987 1210 evenit
2018 1142 2079 1210 ut
2113 1157 2183 1209 ab

58 1267 61 1270 1
167 1240 393 1310 aliquot
431 1234 815 1293 recedendum
852 1234 988 1291 mihi
1027 1242 1178 1292 esset
1218 1235 1685 1293 Lachmannianis
1730 1231 2041 1309 scripturis.
2123 1239 2187 1291 ln

170 1340 288 1395 quo
332 1321 472 1378 nihil
514 1336 606 1375 me
646 1319 948 1375 indulsisse
985 1319 1201 1376 libidini
1245 1337 1498 1377 seorsum
1543 1338 1577 1377 a
1611 1321 1707 1377 tali
1741 1322 1866 1378 viro
1910 1320 2190 1377 sentiendi

173 1425 251 1464 ex
282 1407 456 1479 ipsis,
478 1409 558 1460 ·ut
598 1419 801 1476 spero,
840 1405 1011 1460 rebus
1051 1404 1109 1459 in
1147 1405 1348 1476 quibus
1391 1405 1633 1460 cernitur
1680 1404 1971 1461 dissensus
2002 1407 2188 1477 quivis

173 1490 459 1547 candidus
480 1487 791 1559 harumque
814 1504 1003 1543 rerum
1033 1486 1247 1561 peritus
1278 1489 1451 1546 iudex
1470 1488 1755 1560 intelliget.
1816 1487 2187 1545 Nihilominus

176 1575 501 1647 aegerrime
542 1574 662 1628 fero
695 1571 847 1644 quod
885 1588 991 1644 per
1027 1574 1188 1645 leges
1199 1612 1222 1647 ,
1278 1588 1420 1645 quas
1461 1572 1591 1630 huic
1622 1572 1920 1644 praefandi
1959 1573 2186 1643 negotio

172 1660 489 1730 bibliopola
515 1657 807 1729 imposuit,
840 1656 1097 1712 omnium.
1122 1658 1485 1713 mutationum
1515 1671 1656 1728 quas
1678 1655 1885 1711 institui
1915 1656 2187 1712 rationem

175 1742 431 1798 reddere
464 1757 614 1796 nunc
642 1740 870 1811 quidem
900 1756 1257 1811 nequaquam
1284 1741 1431 1796 licet.
1501 1740 1694 1795 Donec
1721 1738 1889 1811 igitur
1918 1740 2189 1812 ampliore

179 1826 415 1883 dicendi
437 1827 593 1894 loco,
625 1825 718 1895 qui
741 1823 873 1879 mihi
899 1824 1028 1881 alibi
1049 1830 1308 1897 paratur,
1338 1825 1416 1880 uti
1444 1824 1646 1893 licebit,
1677 1840 1746 1880 eo
1770 1823 2034 1880 redactus
2064 1840 2189 1879 sum

180 1917 273 1982 ut,
342 1908 530 1982 quoad
569 1907 733 1964 huius
777 1908 938 1980 spatii
972 1908 1114 1966 fines
1148 1910 1458 1981 patIantur,
1510 1908 1823 1982 generatim
1868 1914 1922 1965 et
1962 1908 2190 1964 strictim

176 2010 372 2068 pauca
402 1993 680 2065 quaedam
710 1985 1068 2064 complectar.

305 2079 393 2134 Ac
423 2078 663 2150 primum
697 2075 925 2149 quidem
969 2077 1198 2148 saepius
1244 2092 1413 2149 quam
1451 2078 1842 2134 Lachmannus
1893 2079 2021 2132 fecit
2058 2093 2188 2149 gra·

175 2163 379 2220 viores
411 2162 756 2234 corruptelas
793 2177 827 2216 a
849 2177 1028 2232 prava
1050 2163 1351 2218 vicinorum
1371 2162 1755 2219 vocabulorum
1779 2163 2063 2218 iteratione
2100 2177 2189 2216 re-

175 2247 380 2319 petivi.
453 2244 619 2313 Quod
647 2245 980 2300 mendorum
1018 2262 1200 2317 genus
1244 2262 1412 2316 quam
1456 2247 1617 2302 facile
1654 2246 1750 2302 vel
1790 2246 2190 2317 peritissimum

180 2332 383 2386 fallere
411 2330 619 2401 possit,
662 2330 811 2384 nullo
839 2328 1034 2400 patefit
1067 2331 1327 2402 exemplo
1350 2329 1715 2397 luculentiore
1744 2344 1911 2401 quam
1939 2326 2076 2402 illud
2106 2333 2208 2395 est„

178 2413 343 2485 quod
355 2416 631 2485 praebent
643 2429 845 2471 versus
860 2416 985 2486 562,
1011 2416 1113 2472 563
1138 2414 1263 2469 libri
1275 2413 1370 2468 VI.
1418 2415 1485 2469 Hi
1514 2416 1594 2469 sic
1620 2413 1934 2469 scribuntur
1961 2414 2018 2469 in
2042 2411 2189 2480 Qua-

179 2499 362 2553 drato-
377 2497 574 2554 codice
589 2518 605 2552 ε

393 2589 497 2642 562
527 2591 612 2641 Ad
637 2590 882 2654 caelumq.
916 2588 1089 2656 magis
1104 2570 1307 2654 quanio
1330 2589 1459 2642 sum·
1488 2593 1787 2656 edi‘raqueq.

396 2657 500 2710 563
533 2659 791 2710 Inclinara
815 2670 1023 2710 mmenr
1051 2674 1103 2708 in
1133 2660 1313 2710 eadem
1333 2661 1474 2725 spdu·
1505 2664 1666 2725 parre
1698 2673 1880 2722 aqueq.

183 2745 413 2816 quicum
444 2747 720 2802 consentit
751 2746 1038 2820 Oblongus
1069 2748 1255 2804 codex
1290 2748 1395 2803 nisi
1431 2747 1583 2819 quod
1609 2747 1873 2805 versiculi
1901 2749 2006 2805 562
2041 2748 2185 2803 clau-

180 2830 370 2884 sulam
405 2829 488 2885 sic
528 2831 793 2902 scriptam
829 2830 1079 2888 exhibet=
1124 2832 1316 2888 aedua
1350 2847 1516 2916 quqq.
1554 2833 1819 2889 versiculi
1861 2837 2046 2886 autem
2089 2834 2194 2888 563

184 2914 499 2969 clausulam
521 2915 633 2969 sic=
649 2916 860 2988 prodet
873 2929 1128 2989 partem.
1155 2934 1209 2972 α.
1234 2934 1287 2971 α.
1312 2933 1365 2988 q.
1388 2932 1441 2988 q.
1482 2932 1607 2971 eum
1640 2916 1850 2972 rasuris
1880 2916 2023 2970 infra
2048 2930 2190 2985 pun-

185 3003 309 3065 cta,
352 3012 499 3068 quae
538 3005 672 3071 post
710 3006 1006 3071 utrumque
1050 2998 1091 3071 'q
1129 3005 1449 3056 cernuntur.
1535 3000 1653 3057 Iam
1699 3001 1781 3056 sic
1825 2998 2045 3055 duobus
2084 2998 2192 3055 illis

92 3075 106 3090 ⁴
185 3081 448 3137 versibus
476 3085 580 3138 sub
612 3099 726 3139 uno
755 3089 1063 3155 conspectu
1094 3083 1321 3156 positis,
1352 3083 1566 3155 quivis,
1594 3090 1760 3156 puto,
1794 3084 1969 3139 semel
1998 3081 2192 3138 admo-

119 3182 130 3188 ·
184 3165 335 3220 nitus
366 3165 670 3240 concedet,
716 3167 982 3237 Quadrati
1010 3183 1203 3240 aqueq.
1233 3167 1292 3222 in
1326 3183 1502 3224 versu
1526 3171 1631 3227 563
1671 3169 1748 3222 nil
1777 3184 1906 3223 esse
1935 3166 2041 3221 nisi
2060 3181 2193 3237 pra-

180 3265 320 3307 vam
359 3247 712 3306 iterationem
755 3268 948 3308 earum
988 3251 1324 3322 litterarum,
1373 3266 1519 3322 quae
1560 3253 1806 3323 priorem
1832 3266 2064 3307 versum
2092 3252 2194 3305 562

183 3332 483 3389 claudunt=
520 3333 843 3409 ediraqueq.
908 3333 1107 3404 Neque
1152 3335 1420 3390 aliorsum
1462 3340 1716 3406 spectant
1742 3351 1796 3388 a.
1820 3350 1874 3388 α.
1898 3349 1953 3403 9,·
1974 3348 2030 3403 ᾳ,-
2083 3330 2191 3384 Ob-

183 3417 342 3487 longi
368 3416 600 3474 codicis·
661 3419 916 3476 Alterum
952 3419 1101 3474 enim
1130 3419 1166 3475 ῖὶ
1197 3416 1329 3473 inde
1362 3418 1622 3488 pervenit
1651 3418 1707 3470 in
1740 3415 1890 3469 hunc
1923 3412 2194 3476 codicem,

908 3580 1227 3779 qeffi
