<?xml version="1.0" encoding="UTF-8"?>
<!DOCTYPE html PUBLIC "-//W3C//DTD XHTML 1.0 Transitional//EN"
    "http://www.w3.org/TR/xhtml1/DTD/xhtml1-transitional.dtd">
<html xmlns="http://www.w3.org/1999/xhtml" xml:lang="en" lang="en">
 <head>
  <title>
</title>
<meta http-equiv="Content-Type" content="text/html;charset=utf-8" />
  <meta name='ocr-system' content='tesseract 3.04.00' />
  <meta name='ocr-capabilities' content='ocr_page ocr_carea ocr_par ocr_line ocrx_word'/>
</head>
<body>
  <div class='ocr_page' id='page_1' title='image "./tlucreticarider01unkngoog_0152.png"; bbox 0 0 2409 3825; ppageno 0'>
   <div class='ocr_carea' id='block_1_1' title="bbox 279 216 1305 284">
    <p class='ocr_par' dir='ltr' id='par_1_1' title="bbox 279 216 1305 284">
     <span class='ocr_line' id='line_1_1' title="bbox 279 216 1305 284; baseline -0.01 0"><span class='ocrx_word' id='word_1_1' title='bbox 279 217 406 284; x_wconf 83' lang='lat'><strong>130</strong></span> <span class='ocrx_word' id='word_1_2' title='bbox 1255 216 1305 274; x_wconf 83' lang='lat' dir='ltr'>V</span> 
     </span>
    </p>
   </div>
   <div class='ocr_carea' id='block_1_2' title="bbox 317 384 2082 3545">
    <p class='ocr_par' dir='ltr' id='par_1_2' title="bbox 447 384 1890 630">
     <span class='ocr_line' id='line_1_2' title="bbox 447 384 1760 466; baseline 0.001 -22"><span class='ocrx_word' id='word_1_3' title='bbox 447 384 796 466; x_wconf 85' lang='lat' dir='ltr'><strong>praeclaram</strong></span> <span class='ocrx_word' id='word_1_4' title='bbox 818 384 1004 443; x_wconf 88' lang='lat' dir='ltr'><strong>mundi</strong></span> <span class='ocrx_word' id='word_1_5' title='bbox 1027 392 1275 443; x_wconf 88' lang='lat' dir='ltr'><strong>naturam</strong></span> <span class='ocrx_word' id='word_1_6' title='bbox 1291 429 1308 460; x_wconf 82' lang='lat'>‚</span> <span class='ocrx_word' id='word_1_7' title='bbox 1336 394 1760 464; x_wconf 78' lang='lat' dir='ltr'><strong>proptereaque</strong></span> 
     </span>
     <span class='ocr_line' id='line_1_3' title="bbox 447 466 1663 546; baseline -0.002 -17"><span class='ocrx_word' id='word_1_8' title='bbox 447 467 798 529; x_wconf 81' lang='lat' dir='ltr'>adlaudabile</span> <span class='ocrx_word' id='word_1_9' title='bbox 822 485 967 546; x_wconf 87' lang='lat' dir='ltr'><strong>opus</strong></span> <span class='ocrx_word' id='word_1_10' title='bbox 992 467 1180 526; x_wconf 88' lang='lat' dir='ltr'><strong>divom</strong></span> <span class='ocrx_word' id='word_1_11' title='bbox 1198 466 1427 527; x_wconf 90' lang='lat' dir='ltr'><strong>laudare</strong></span> <span class='ocrx_word' id='word_1_12' title='bbox 1452 467 1663 528; x_wconf 82' lang='lat' dir='ltr'><strong>decere</strong></span> 
     </span>
     <span class='ocr_line' id='line_1_4' title="bbox 448 550 1890 630; baseline -0.002 -17"><span class='ocrx_word' id='word_1_13' title='bbox 448 562 852 630; x_wconf 89' lang='lat' dir='ltr'><strong>aeternumque</strong></span> <span class='ocrx_word' id='word_1_14' title='bbox 876 560 1075 630; x_wconf 89' lang='lat' dir='ltr'><strong>putare</strong></span> <span class='ocrx_word' id='word_1_15' title='bbox 1101 559 1272 628; x_wconf 88' lang='lat' dir='ltr'><strong>atque</strong></span> <span class='ocrx_word' id='word_1_16' title='bbox 1294 551 1589 611; x_wconf 82' lang='lat' dir='ltr'><strong>inmortale</strong></span> <span class='ocrx_word' id='word_1_17' title='bbox 1613 550 1854 611; x_wconf 86' lang='lat' dir='ltr'><strong>futurum</strong></span> <span class='ocrx_word' id='word_1_18' title='bbox 1871 595 1890 627; x_wconf 76' lang='lat'><em>‚</em></span> 
     </span>
    </p>

    <p class='ocr_par' dir='ltr' id='par_1_3' title="bbox 322 633 2082 1048">
     <span class='ocr_line' id='line_1_5' title="bbox 322 633 1825 712; baseline -0.005 -11"><span class='ocrx_word' id='word_1_19' title='bbox 322 647 426 701; x_wconf 89' lang='grc'><strong>160</strong></span> <span class='ocrx_word' id='word_1_20' title='bbox 445 654 556 696; x_wconf 91' lang='lat' dir='ltr'><strong>nec</strong></span> <span class='ocrx_word' id='word_1_21' title='bbox 579 635 665 696; x_wconf 83' lang='lat' dir='ltr'><strong>fas</strong></span> <span class='ocrx_word' id='word_1_22' title='bbox 698 654 831 695; x_wconf 84' lang='lat' dir='ltr'><strong>esse</strong></span> <span class='ocrx_word' id='word_1_23' title='bbox 849 680 867 711; x_wconf 85' lang='lat'>,</span> <span class='ocrx_word' id='word_1_24' title='bbox 900 634 1066 694; x_wconf 92' lang='lat' dir='ltr'><strong>deum</strong></span> <span class='ocrx_word' id='word_1_25' title='bbox 1090 633 1241 712; x_wconf 89' lang='lat' dir='ltr'><strong>quod</strong></span> <span class='ocrx_word' id='word_1_26' title='bbox 1264 635 1336 694; x_wconf 92' lang='lat' dir='ltr'><strong>sit</strong></span> <span class='ocrx_word' id='word_1_27' title='bbox 1358 637 1574 695; x_wconf 87' lang='lat' dir='ltr'><strong>ratione</strong></span> <span class='ocrx_word' id='word_1_28' title='bbox 1603 645 1825 694; x_wconf 88' lang='lat' dir='ltr'><strong>vetusta</strong></span> 
     </span>
     <span class='ocr_line' id='line_1_6' title="bbox 449 717 1818 798; baseline -0.001 -18"><span class='ocrx_word' id='word_1_29' title='bbox 449 721 716 798; x_wconf 85' lang='lat' dir='ltr'><strong>gentibus</strong></span> <span class='ocrx_word' id='word_1_30' title='bbox 745 718 999 777; x_wconf 89' lang='lat' dir='ltr'><strong>humanis</strong></span> <span class='ocrx_word' id='word_1_31' title='bbox 1023 717 1309 785; x_wconf 80' lang='lat' dir='ltr'><strong>fundatum</strong></span> <span class='ocrx_word' id='word_1_32' title='bbox 1336 729 1618 796; x_wconf 89' lang='lat' dir='ltr'><strong>perpetuo</strong></span> <span class='ocrx_word' id='word_1_33' title='bbox 1640 736 1784 778; x_wconf 84' lang='lat' dir='ltr'><strong>aevo</strong></span> <span class='ocrx_word' id='word_1_34' title='bbox 1800 763 1818 795; x_wconf 85' lang='lat'>‚</span> 
     </span>
     <span class='ocr_line' id='line_1_7' title="bbox 451 799 1798 880; baseline -0.001 -16"><span class='ocrx_word' id='word_1_35' title='bbox 451 802 761 864; x_wconf 88' lang='lat' dir='ltr'><strong>sollicitare</strong></span> <span class='ocrx_word' id='word_1_36' title='bbox 785 803 903 862; x_wconf 91' lang='lat' dir='ltr'><strong>suis</strong></span> <span class='ocrx_word' id='word_1_37' title='bbox 935 799 1051 861; x_wconf 92' lang='lat' dir='ltr'><strong>ulla</strong></span> <span class='ocrx_word' id='word_1_38' title='bbox 1070 803 1125 860; x_wconf 87' lang='lat' dir='ltr'><strong>vi</strong></span> <span class='ocrx_word' id='word_1_39' title='bbox 1149 819 1225 860; x_wconf 84' lang='lat' dir='ltr'><strong>ex</strong></span> <span class='ocrx_word' id='word_1_40' title='bbox 1246 801 1479 862; x_wconf 91' lang='lat' dir='ltr'><strong>sedibus</strong></span> <span class='ocrx_word' id='word_1_41' title='bbox 1505 820 1763 880; x_wconf 88' lang='lat' dir='ltr'><strong>umquam</strong></span> <span class='ocrx_word' id='word_1_42' title='bbox 1781 847 1798 878; x_wconf 87' lang='lat'>‚</span> 
     </span>
     <span class='ocr_line' id='line_1_8' title="bbox 445 885 1895 962; baseline -0.003 -16"><span class='ocrx_word' id='word_1_43' title='bbox 445 905 557 947; x_wconf 87' lang='lat' dir='ltr'><strong>nec</strong></span> <span class='ocrx_word' id='word_1_44' title='bbox 577 886 769 946; x_wconf 82' lang='lat' dir='ltr'><strong>verbis</strong></span> <span class='ocrx_word' id='word_1_45' title='bbox 802 902 1013 944; x_wconf 86' lang='lat' dir='ltr'><strong>vexare</strong></span> <span class='ocrx_word' id='word_1_46' title='bbox 1038 893 1096 943; x_wconf 89' lang='lat' dir='ltr'><strong>et</strong></span> <span class='ocrx_word' id='word_1_47' title='bbox 1119 885 1189 943; x_wconf 87' lang='lat' dir='ltr'><strong>ab</strong></span> <span class='ocrx_word' id='word_1_48' title='bbox 1220 886 1331 944; x_wconf 88' lang='lat' dir='ltr'><strong>imo</strong></span> <span class='ocrx_word' id='word_1_49' title='bbox 1355 894 1620 945; x_wconf 85' lang='lat' dir='ltr'><strong>evertere</strong></span> <span class='ocrx_word' id='word_1_50' title='bbox 1649 903 1858 945; x_wconf 88' lang='lat' dir='ltr'><strong>summa</strong></span> <span class='ocrx_word' id='word_1_51' title='bbox 1875 931 1895 962; x_wconf 81' lang='lat'><strong>,</strong></span> 
     </span>
     <span class='ocr_line' id='line_1_9' title="bbox 450 967 2082 1048; baseline -0.002 -17"><span class='ocrx_word' id='word_1_52' title='bbox 450 980 644 1031; x_wconf 87' lang='lat' dir='ltr'><strong>cetera</strong></span> <span class='ocrx_word' id='word_1_53' title='bbox 675 968 745 1028; x_wconf 93' lang='lat' dir='ltr'><strong>de</strong></span> <span class='ocrx_word' id='word_1_54' title='bbox 773 987 987 1045; x_wconf 86' lang='lat' dir='ltr'><strong>genere</strong></span> <span class='ocrx_word' id='word_1_55' title='bbox 1009 968 1121 1027; x_wconf 88' lang='lat' dir='ltr'><strong>boc</strong></span> <span class='ocrx_word' id='word_1_56' title='bbox 1143 967 1432 1045; x_wconf 87' lang='lat' dir='ltr'><strong>adfingere</strong></span> <span class='ocrx_word' id='word_1_57' title='bbox 1462 979 1520 1028; x_wconf 91' lang='lat' dir='ltr'><strong>et</strong></span> <span class='ocrx_word' id='word_1_58' title='bbox 1545 969 1784 1045; x_wconf 85' lang='lat' dir='ltr'><strong>addere,</strong></span> <span class='ocrx_word' id='word_1_59' title='bbox 1815 968 2082 1048; x_wconf 86' lang='lat' dir='ltr'><strong>Memmi,</strong></span> 
     </span>
    </p>

    <p class='ocr_par' dir='ltr' id='par_1_4' title="bbox 317 1051 1944 1382">
     <span class='ocr_line' id='line_1_10' title="bbox 317 1051 1924 1131; baseline -0.002 -15"><span class='ocrx_word' id='word_1_60' title='bbox 317 1064 419 1119; x_wconf 85' lang='lat'><strong>165</strong></span> <span class='ocrx_word' id='word_1_61' title='bbox 444 1054 785 1131; x_wconf 87' lang='lat' dir='ltr'><strong>desiperest.</strong></span> <span class='ocrx_word' id='word_1_62' title='bbox 811 1052 943 1130; x_wconf 90' lang='lat' dir='ltr'><strong>quid</strong></span> <span class='ocrx_word' id='word_1_63' title='bbox 970 1053 1117 1112; x_wconf 87' lang='lat' dir='ltr'><strong>enim</strong></span> <span class='ocrx_word' id='word_1_64' title='bbox 1140 1051 1526 1113; x_wconf 80' lang='lat' dir='ltr'><strong>inmortalibus</strong></span> <span class='ocrx_word' id='word_1_65' title='bbox 1550 1062 1720 1131; x_wconf 89' lang='lat' dir='ltr'><strong>atque</strong></span> <span class='ocrx_word' id='word_1_66' title='bbox 1742 1052 1924 1113; x_wconf 86' lang='lat' dir='ltr'><strong>beatis</strong></span> 
     </span>
     <span class='ocr_line' id='line_1_11' title="bbox 451 1134 1737 1215; baseline 0 -20"><span class='ocrx_word' id='word_1_67' title='bbox 451 1138 626 1214; x_wconf 86' lang='lat' dir='ltr'><strong>gratia</strong></span> <span class='ocrx_word' id='word_1_68' title='bbox 648 1145 841 1196; x_wconf 88' lang='lat' dir='ltr'><strong>nostra</strong></span> <span class='ocrx_word' id='word_1_69' title='bbox 864 1144 1033 1215; x_wconf 85' lang='lat' dir='ltr'><strong>queat</strong></span> <span class='ocrx_word' id='word_1_70' title='bbox 1056 1134 1316 1211; x_wconf 84' lang='lat' dir='ltr'><strong>largirier</strong></span> <span class='ocrx_word' id='word_1_71' title='bbox 1337 1136 1737 1212; x_wconf 82' lang='lat' dir='ltr'><strong>emolumenti,</strong></span> 
     </span>
     <span class='ocr_line' id='line_1_12' title="bbox 450 1216 1944 1298; baseline -0.002 -19"><span class='ocrx_word' id='word_1_72' title='bbox 450 1230 510 1280; x_wconf 91' lang='lat' dir='ltr'><strong>ut</strong></span> <span class='ocrx_word' id='word_1_73' title='bbox 534 1229 727 1279; x_wconf 88' lang='lat' dir='ltr'><strong>nostra</strong></span> <span class='ocrx_word' id='word_1_74' title='bbox 758 1220 1058 1298; x_wconf 89' lang='lat' dir='ltr'><strong>quicquam</strong></span> <span class='ocrx_word' id='word_1_75' title='bbox 1080 1237 1251 1279; x_wconf 89' lang='lat' dir='ltr'><strong>causa</strong></span> <span class='ocrx_word' id='word_1_76' title='bbox 1276 1238 1483 1296; x_wconf 81' lang='lat' dir='ltr'><strong>gerere</strong></span> <span class='ocrx_word' id='word_1_77' title='bbox 1507 1216 1944 1297; x_wconf 78' lang='lat' dir='ltr'><strong>adgrediamur?</strong></span> 
     </span>
     <span class='ocr_line' id='line_1_13' title="bbox 454 1304 1765 1382; baseline 0.001 -21"><span class='ocrx_word' id='word_1_78' title='bbox 454 1304 659 1382; x_wconf 87' lang='lat' dir='ltr'><strong>quidve</strong></span> <span class='ocrx_word' id='word_1_79' title='bbox 681 1305 814 1363; x_wconf 85' lang='lat' dir='ltr'><strong>novi</strong></span> <span class='ocrx_word' id='word_1_80' title='bbox 841 1304 1023 1381; x_wconf 88' lang='lat' dir='ltr'><strong>potuit</strong></span> <span class='ocrx_word' id='word_1_81' title='bbox 1046 1311 1200 1362; x_wconf 88' lang='lat' dir='ltr'><strong>tanto</strong></span> <span class='ocrx_word' id='word_1_82' title='bbox 1226 1313 1357 1381; x_wconf 90' lang='lat' dir='ltr'><strong>post</strong></span> <span class='ocrx_word' id='word_1_83' title='bbox 1387 1313 1516 1363; x_wconf 89' lang='lat' dir='ltr'><strong>ante</strong></span> <span class='ocrx_word' id='word_1_84' title='bbox 1542 1304 1765 1382; x_wconf 89' lang='lat' dir='ltr'><strong>quietos</strong></span> 
     </span>
    </p>

    <p class='ocr_par' dir='ltr' id='par_1_5' title="bbox 362 1383 1814 1465">
     <span class='ocr_line' id='line_1_14' title="bbox 362 1383 1814 1465; baseline -0.002 -18"><span class='ocrx_word' id='word_1_85' title='bbox 362 1418 366 1423; x_wconf 94' lang='lat'>·</span> <span class='ocrx_word' id='word_1_86' title='bbox 448 1387 687 1448; x_wconf 86' lang='lat' dir='ltr'><strong>inlicere</strong></span> <span class='ocrx_word' id='word_1_87' title='bbox 709 1395 768 1445; x_wconf 89' lang='lat' dir='ltr'><strong>ut</strong></span> <span class='ocrx_word' id='word_1_88' title='bbox 799 1396 1076 1465; x_wconf 88' lang='lat' dir='ltr'><strong>cuperent</strong></span> <span class='ocrx_word' id='word_1_89' title='bbox 1097 1388 1268 1446; x_wconf 83' lang='lat' dir='ltr'><strong>vitam</strong></span> <span class='ocrx_word' id='word_1_90' title='bbox 1288 1397 1503 1447; x_wconf 88' lang='lat' dir='ltr'><strong>mutare</strong></span> <span class='ocrx_word' id='word_1_91' title='bbox 1527 1383 1814 1464; x_wconf 83' lang='lat' dir='ltr'><strong>priorem?</strong></span> 
     </span>
    </p>

    <p class='ocr_par' dir='ltr' id='par_1_6' title="bbox 324 1469 1888 1797">
     <span class='ocr_line' id='line_1_15' title="bbox 324 1469 1888 1548; baseline -0.004 -13"><span class='ocrx_word' id='word_1_92' title='bbox 324 1479 428 1534; x_wconf 87' lang='grc'><strong>170</strong></span> <span class='ocrx_word' id='word_1_93' title='bbox 452 1481 539 1548; x_wconf 86' lang='lat' dir='ltr'><strong>at,</strong></span> <span class='ocrx_word' id='word_1_94' title='bbox 567 1470 740 1530; x_wconf 90' lang='lat' dir='ltr'><strong>credo</strong></span> <span class='ocrx_word' id='word_1_95' title='bbox 757 1515 775 1547; x_wconf 84' lang='lat'>‚</span> <span class='ocrx_word' id='word_1_96' title='bbox 799 1469 1132 1530; x_wconf 89' lang='lat' dir='ltr'><strong>intenebris</strong></span> <span class='ocrx_word' id='word_1_97' title='bbox 1160 1471 1273 1528; x_wconf 88' lang='lat' dir='ltr'><strong>vita</strong></span> <span class='ocrx_word' id='word_1_98' title='bbox 1297 1488 1365 1530; x_wconf 86' lang='lat' dir='ltr'><strong>ac</strong></span> <span class='ocrx_word' id='word_1_99' title='bbox 1388 1487 1612 1530; x_wconf 87' lang='lat' dir='ltr'><strong>merore</strong></span> <span class='ocrx_word' id='word_1_100' title='bbox 1633 1469 1888 1546; x_wconf 85' lang='lat' dir='ltr'><strong>iacebat,</strong></span> 
     </span>
     <span class='ocr_line' id='line_1_16' title="bbox 453 1551 1560 1630; baseline -0.003 -16"><span class='ocrx_word' id='word_1_101' title='bbox 453 1555 637 1614; x_wconf 90' lang='lat' dir='ltr'><strong>donec</strong></span> <span class='ocrx_word' id='word_1_102' title='bbox 662 1551 860 1613; x_wconf 85' lang='lat' dir='ltr'><strong>dil‘uxit</strong></span> <span class='ocrx_word' id='word_1_103' title='bbox 885 1571 1071 1612; x_wconf 87' lang='lat' dir='ltr'><strong>rerum</strong></span> <span class='ocrx_word' id='word_1_104' title='bbox 1093 1552 1355 1629; x_wconf 87' lang='lat' dir='ltr'><strong>genitalis</strong></span> <span class='ocrx_word' id='word_1_105' title='bbox 1381 1555 1560 1630; x_wconf 89' lang='lat' dir='ltr'><strong>origo.</strong></span> 
     </span>
     <span class='ocr_line' id='line_1_17' title="bbox 452 1636 1740 1715; baseline -0.002 -18"><span class='ocrx_word' id='word_1_106' title='bbox 452 1656 578 1698; x_wconf 89' lang='lat' dir='ltr'><strong>nam</strong></span> <span class='ocrx_word' id='word_1_107' title='bbox 604 1636 855 1715; x_wconf 84' lang='lat' dir='ltr'><strong>gaudere</strong></span> <span class='ocrx_word' id='word_1_108' title='bbox 885 1639 1046 1696; x_wconf 87' lang='lat' dir='ltr'><strong>novis</strong></span> <span class='ocrx_word' id='word_1_109' title='bbox 1068 1636 1243 1696; x_wconf 87' lang='lat' dir='ltr'><strong>rebus</strong></span> <span class='ocrx_word' id='word_1_110' title='bbox 1272 1636 1486 1696; x_wconf 88' lang='lat' dir='ltr'><strong>debere</strong></span> <span class='ocrx_word' id='word_1_111' title='bbox 1517 1636 1740 1713; x_wconf 78' lang='lat' dir='ltr'><strong>videtur</strong></span> 
     </span>
     <span class='ocr_line' id='line_1_18' title="bbox 453 1718 1819 1797; baseline -0.003 -16"><span class='ocrx_word' id='word_1_112' title='bbox 453 1723 544 1782; x_wconf 91' lang='lat' dir='ltr'><strong>cui</strong></span> <span class='ocrx_word' id='word_1_113' title='bbox 571 1729 803 1780; x_wconf 83' lang='lat' dir='ltr'><strong>veteres</strong></span> <span class='ocrx_word' id='word_1_114' title='bbox 827 1721 1062 1780; x_wconf 87' lang='lat' dir='ltr'><strong>obsunt:</strong></span> <span class='ocrx_word' id='word_1_115' title='bbox 1086 1718 1190 1780; x_wconf 91' lang='lat' dir='ltr'><strong>sed</strong></span> <span class='ocrx_word' id='word_1_116' title='bbox 1220 1721 1310 1779; x_wconf 90' lang='lat' dir='ltr'><strong>cui</strong></span> <span class='ocrx_word' id='word_1_117' title='bbox 1332 1718 1408 1779; x_wconf 91' lang='lat' dir='ltr'><strong>nil</strong></span> <span class='ocrx_word' id='word_1_118' title='bbox 1435 1719 1639 1780; x_wconf 89' lang='lat' dir='ltr'><strong>accidit</strong></span> <span class='ocrx_word' id='word_1_119' title='bbox 1661 1721 1819 1797; x_wconf 87' lang='lat' dir='ltr'><strong>aegri</strong></span> 
     </span>
    </p>

    <p class='ocr_par' dir='ltr' id='par_1_7' title="bbox 381 1802 2052 1883">
     <span class='ocr_line' id='line_1_19' title="bbox 381 1802 2052 1883; baseline -0.002 -19"><span class='ocrx_word' id='word_1_120' title='bbox 381 1808 387 1817; x_wconf 81' lang='lat'>&#39;</span> <span class='ocrx_word' id='word_1_121' title='bbox 450 1815 709 1883; x_wconf 82' lang='lat' dir='ltr'><strong>tempore</strong></span> <span class='ocrx_word' id='word_1_122' title='bbox 732 1806 788 1863; x_wconf 91' lang='lat' dir='ltr'><strong>in</strong></span> <span class='ocrx_word' id='word_1_123' title='bbox 810 1812 1069 1863; x_wconf 86' lang='lat' dir='ltr'><strong>anteacto</strong></span> <span class='ocrx_word' id='word_1_124' title='bbox 1087 1850 1104 1881; x_wconf 86' lang='lat'>,</span> <span class='ocrx_word' id='word_1_125' title='bbox 1132 1820 1260 1861; x_wconf 91' lang='lat' dir='ltr'><strong>cum</strong></span> <span class='ocrx_word' id='word_1_126' title='bbox 1282 1802 1523 1882; x_wconf 81' lang='lat' dir='ltr'><strong>pulchre</strong></span> <span class='ocrx_word' id='word_1_127' title='bbox 1549 1803 1791 1880; x_wconf 87' lang='lat' dir='ltr'><strong>degeret</strong></span> <span class='ocrx_word' id='word_1_128' title='bbox 1814 1821 2013 1863; x_wconf 84' lang='lat' dir='ltr'><strong>aevom</strong></span> <span class='ocrx_word' id='word_1_129' title='bbox 2031 1848 2052 1879; x_wconf 87' lang='lat'>‚</span> 
     </span>
    </p>

    <p class='ocr_par' dir='ltr' id='par_1_8' title="bbox 327 1883 1887 2301">
     <span class='ocr_line' id='line_1_20' title="bbox 327 1883 1858 1967; baseline -0.005 -14"><span class='ocrx_word' id='word_1_130' title='bbox 327 1896 429 1953; x_wconf 85' lang='lat'><strong>175</strong></span> <span class='ocrx_word' id='word_1_131' title='bbox 458 1888 591 1967; x_wconf 91' lang='lat' dir='ltr'><strong>quid</strong></span> <span class='ocrx_word' id='word_1_132' title='bbox 612 1889 795 1967; x_wconf 87' lang='lat' dir='ltr'><strong>potuit</strong></span> <span class='ocrx_word' id='word_1_133' title='bbox 815 1888 1079 1947; x_wconf 87' lang='lat' dir='ltr'><strong>novitatis</strong></span> <span class='ocrx_word' id='word_1_134' title='bbox 1103 1903 1353 1947; x_wconf 89' lang='lat' dir='ltr'><strong>amorem</strong></span> <span class='ocrx_word' id='word_1_135' title='bbox 1376 1886 1696 1947; x_wconf 82' lang='lat' dir='ltr'><strong>accendere</strong></span> <span class='ocrx_word' id='word_1_136' title='bbox 1719 1883 1858 1947; x_wconf 80' lang='lat' dir='ltr'><strong>tali?</strong></span> 
     </span>
     <span class='ocr_line' id='line_1_21' title="bbox 456 1968 1790 2051; baseline -0.002 -20"><span class='ocrx_word' id='word_1_137' title='bbox 456 1971 661 2051; x_wconf 88' lang='lat' dir='ltr'><strong>quidve</strong></span> <span class='ocrx_word' id='word_1_138' title='bbox 684 1970 813 2029; x_wconf 91' lang='lat' dir='ltr'><strong>mali</strong></span> <span class='ocrx_word' id='word_1_139' title='bbox 838 1971 1020 2031; x_wconf 89' lang='lat' dir='ltr'><strong>fuerat</strong></span> <span class='ocrx_word' id='word_1_140' title='bbox 1043 1972 1207 2030; x_wconf 88' lang='lat' dir='ltr'><strong>nobis</strong></span> <span class='ocrx_word' id='word_1_141' title='bbox 1229 1988 1342 2031; x_wconf 90' lang='lat' dir='ltr'><strong>non</strong></span> <span class='ocrx_word' id='word_1_142' title='bbox 1370 1990 1503 2031; x_wconf 89' lang='lat' dir='ltr'><strong>esse</strong></span> <span class='ocrx_word' id='word_1_143' title='bbox 1538 1972 1743 2031; x_wconf 86' lang='lat' dir='ltr'><strong>creatis</strong></span> <span class='ocrx_word' id='word_1_144' title='bbox 1760 1968 1790 2028; x_wconf 82' lang='lat'><strong>?</strong></span> 
     </span>
     <span class='ocr_line' id='line_1_22' title="bbox 451 2054 1887 2133; baseline -0.001 -19"><span class='ocrx_word' id='word_1_145' title='bbox 451 2064 612 2115; x_wconf 86' lang='lat' dir='ltr'><strong>natus</strong></span> <span class='ocrx_word' id='word_1_146' title='bbox 638 2055 784 2113; x_wconf 88' lang='lat' dir='ltr'><strong>enim</strong></span> <span class='ocrx_word' id='word_1_147' title='bbox 808 2054 979 2114; x_wconf 87' lang='lat' dir='ltr'><strong>debet</strong></span> <span class='ocrx_word' id='word_1_148' title='bbox 1008 2056 1347 2133; x_wconf 84' lang='lat' dir='ltr'><strong>quicumque</strong></span> <span class='ocrx_word' id='word_1_149' title='bbox 1372 2063 1462 2115; x_wconf 86' lang='lat' dir='ltr'><strong>est</strong></span> <span class='ocrx_word' id='word_1_150' title='bbox 1481 2054 1635 2115; x_wconf 86' lang='lat' dir='ltr'><strong>velle</strong></span> <span class='ocrx_word' id='word_1_151' title='bbox 1661 2072 1887 2114; x_wconf 89' lang='lat' dir='ltr'><strong>manere</strong></span> 
     </span>
     <span class='ocr_line' id='line_1_23' title="bbox 454 2137 1730 2217; baseline -0.001 -19"><span class='ocrx_word' id='word_1_152' title='bbox 454 2141 512 2198; x_wconf 90' lang='lat' dir='ltr'><strong>in</strong></span> <span class='ocrx_word' id='word_1_153' title='bbox 532 2139 679 2215; x_wconf 85' lang='lat' dir='ltr'><strong>vita,</strong></span> <span class='ocrx_word' id='word_1_154' title='bbox 706 2138 890 2198; x_wconf 91' lang='lat' dir='ltr'><strong>donec</strong></span> <span class='ocrx_word' id='word_1_155' title='bbox 916 2137 1182 2197; x_wconf 88' lang='lat' dir='ltr'><strong>retinebit</strong></span> <span class='ocrx_word' id='word_1_156' title='bbox 1205 2138 1409 2198; x_wconf 89' lang='lat' dir='ltr'><strong>blanda</strong></span> <span class='ocrx_word' id='word_1_157' title='bbox 1435 2137 1730 2217; x_wconf 82' lang='lat' dir='ltr'><strong>voluptas:</strong></span> 
     </span>
     <span class='ocr_line' id='line_1_24' title="bbox 459 2223 1749 2301; baseline 0 -21"><span class='ocrx_word' id='word_1_158' title='bbox 459 2224 552 2301; x_wconf 91' lang='lat' dir='ltr'><strong>qui</strong></span> <span class='ocrx_word' id='word_1_159' title='bbox 574 2239 870 2299; x_wconf 88' lang='lat' dir='ltr'><strong>numquam</strong></span> <span class='ocrx_word' id='word_1_160' title='bbox 894 2239 1034 2281; x_wconf 85' lang='lat' dir='ltr'><strong>vero</strong></span> <span class='ocrx_word' id='word_1_161' title='bbox 1056 2223 1205 2281; x_wconf 89' lang='lat' dir='ltr'><strong>vitae</strong></span> <span class='ocrx_word' id='word_1_162' title='bbox 1230 2223 1478 2299; x_wconf 85' lang='lat' dir='ltr'><strong>gustavit</strong></span> <span class='ocrx_word' id='word_1_163' title='bbox 1501 2228 1749 2296; x_wconf 85' lang='lat' dir='ltr'><strong>amorem</strong></span> 
     </span>
    </p>

    <p class='ocr_par' dir='ltr' id='par_1_9' title="bbox 336 2269 2055 2718">
     <span class='ocr_line' id='line_1_25' title="bbox 336 2269 2055 2383; baseline -0.003 -14"><span class='ocrx_word' id='word_1_164' title='bbox 336 2314 439 2369; x_wconf 87' lang='lat'><strong>180</strong></span> <span class='ocrx_word' id='word_1_165' title='bbox 463 2324 574 2364; x_wconf 88' lang='lat' dir='ltr'><strong>nec</strong></span> <span class='ocrx_word' id='word_1_166' title='bbox 603 2305 750 2363; x_wconf 82' lang='lat' dir='ltr'><strong>fuit</strong></span> <span class='ocrx_word' id='word_1_167' title='bbox 734 2323 787 2363; x_wconf 88' lang='lat' dir='ltr'><strong>m</strong></span> <span class='ocrx_word' id='word_1_168' title='bbox 810 2322 1041 2365; x_wconf 91' lang='lat' dir='ltr'><strong>numero</strong></span> <span class='ocrx_word' id='word_1_169' title='bbox 1059 2350 1076 2381; x_wconf 86' lang='lat'>,</span> <span class='ocrx_word' id='word_1_170' title='bbox 1105 2305 1239 2383; x_wconf 88' lang='lat' dir='ltr'><strong>quid</strong></span> <span class='ocrx_word' id='word_1_171' title='bbox 1267 2306 1435 2365; x_wconf 88' lang='lat' dir='ltr'><strong>obest</strong></span> <span class='ocrx_word' id='word_1_172' title='bbox 1463 2323 1576 2364; x_wconf 88' lang='lat' dir='ltr'><strong>non</strong></span> <span class='ocrx_word' id='word_1_173' title='bbox 1599 2324 1733 2365; x_wconf 84' lang='lat' dir='ltr'><strong>esse</strong></span> <span class='ocrx_word' id='word_1_174' title='bbox 1759 2269 2055 2365; x_wconf 78' lang='lat' dir='ltr'><strong>creatum?</strong></span> 
     </span>
     <span class='ocr_line' id='line_1_26' title="bbox 455 2386 1727 2466; baseline -0.001 -18"><span class='ocrx_word' id='word_1_175' title='bbox 455 2386 778 2466; x_wconf 88' lang='lat' dir='ltr'><strong>exemplum</strong></span> <span class='ocrx_word' id='word_1_176' title='bbox 807 2404 978 2465; x_wconf 89' lang='lat' dir='ltr'><strong>porro</strong></span> <span class='ocrx_word' id='word_1_177' title='bbox 1000 2389 1302 2465; x_wconf 85' lang='lat' dir='ltr'><strong>gignundis</strong></span> <span class='ocrx_word' id='word_1_178' title='bbox 1333 2388 1504 2449; x_wconf 88' lang='lat' dir='ltr'><strong>rebus</strong></span> <span class='ocrx_word' id='word_1_179' title='bbox 1525 2398 1582 2448; x_wconf 88' lang='lat' dir='ltr'><strong>et</strong></span> <span class='ocrx_word' id='word_1_180' title='bbox 1603 2391 1727 2466; x_wconf 90' lang='lat' dir='ltr'><strong>ipsa</strong></span> 
     </span>
     <span class='ocr_line' id='line_1_27' title="bbox 454 2471 1870 2550; baseline -0.001 -19"><span class='ocrx_word' id='word_1_181' title='bbox 454 2473 682 2531; x_wconf 87' lang='lat' dir='ltr'><strong>notities</strong></span> <span class='ocrx_word' id='word_1_182' title='bbox 713 2471 996 2531; x_wconf 88' lang='lat' dir='ltr'><strong>hominum</strong></span> <span class='ocrx_word' id='word_1_183' title='bbox 1020 2472 1105 2532; x_wconf 92' lang='lat' dir='ltr'><strong>dis</strong></span> <span class='ocrx_word' id='word_1_184' title='bbox 1128 2472 1276 2532; x_wconf 90' lang='lat' dir='ltr'><strong>unde</strong></span> <span class='ocrx_word' id='word_1_185' title='bbox 1298 2481 1387 2532; x_wconf 89' lang='lat' dir='ltr'><strong>est</strong></span> <span class='ocrx_word' id='word_1_186' title='bbox 1409 2474 1574 2532; x_wconf 85' lang='lat' dir='ltr'><strong>insita</strong></span> <span class='ocrx_word' id='word_1_187' title='bbox 1601 2474 1835 2550; x_wconf 90' lang='lat' dir='ltr'><strong>primum</strong></span> <span class='ocrx_word' id='word_1_188' title='bbox 1853 2518 1870 2549; x_wconf 86' lang='lat'>,</span> 
     </span>
     <span class='ocr_line' id='line_1_28' title="bbox 455 2553 2007 2633; baseline 0 -19"><span class='ocrx_word' id='word_1_189' title='bbox 455 2555 588 2633; x_wconf 90' lang='lat' dir='ltr'><strong>quid</strong></span> <span class='ocrx_word' id='word_1_190' title='bbox 612 2553 827 2615; x_wconf 86' lang='lat' dir='ltr'><strong>vellent</strong></span> <span class='ocrx_word' id='word_1_191' title='bbox 851 2555 1044 2615; x_wconf 84' lang='lat' dir='ltr'><strong>facere</strong></span> <span class='ocrx_word' id='word_1_192' title='bbox 1074 2565 1133 2615; x_wconf 89' lang='lat' dir='ltr'><strong>ut</strong></span> <span class='ocrx_word' id='word_1_193' title='bbox 1156 2557 1370 2628; x_wconf 87' lang='lat' dir='ltr'><strong>scirent</strong></span> <span class='ocrx_word' id='word_1_194' title='bbox 1393 2558 1688 2633; x_wconf 87' lang='lat' dir='ltr'><strong>animoque</strong></span> <span class='ocrx_word' id='word_1_195' title='bbox 1712 2555 2007 2632; x_wconf 83' lang='lat' dir='ltr'><strong>viderent,</strong></span> 
     </span>
     <span class='ocr_line' id='line_1_29' title="bbox 455 2638 1987 2718; baseline -0.002 -20"><span class='ocrx_word' id='word_1_196' title='bbox 455 2655 643 2717; x_wconf 87' lang='lat' dir='ltr'><strong>quove</strong></span> <span class='ocrx_word' id='word_1_197' title='bbox 665 2638 889 2698; x_wconf 88' lang='lat' dir='ltr'><strong>modost</strong></span> <span class='ocrx_word' id='word_1_198' title='bbox 911 2657 1168 2718; x_wconf 89' lang='lat' dir='ltr'><strong>umquam</strong></span> <span class='ocrx_word' id='word_1_199' title='bbox 1189 2641 1277 2698; x_wconf 85' lang='lat' dir='ltr'><strong>vis</strong></span> <span class='ocrx_word' id='word_1_200' title='bbox 1307 2642 1533 2717; x_wconf 89' lang='lat' dir='ltr'><strong>cognita</strong></span> <span class='ocrx_word' id='word_1_201' title='bbox 1553 2640 1951 2718; x_wconf 77' lang='lat' dir='ltr'><strong>principiorum</strong></span> <span class='ocrx_word' id='word_1_202' title='bbox 1966 2684 1987 2715; x_wconf 78' lang='lat'>,</span> 
     </span>
    </p>

    <p class='ocr_par' dir='ltr' id='par_1_10' title="bbox 336 2722 1947 3134">
     <span class='ocr_line' id='line_1_30' title="bbox 336 2722 1890 2802; baseline -0.004 -16"><span class='ocrx_word' id='word_1_203' title='bbox 336 2731 431 2786; x_wconf 80' lang='lat'><strong>185</strong></span> <span class='ocrx_word' id='word_1_204' title='bbox 459 2722 707 2801; x_wconf 88' lang='lat' dir='ltr'><strong>quidque</strong></span> <span class='ocrx_word' id='word_1_205' title='bbox 730 2724 875 2782; x_wconf 87' lang='lat' dir='ltr'><strong>inter</strong></span> <span class='ocrx_word' id='word_1_206' title='bbox 898 2741 1032 2782; x_wconf 86' lang='lat' dir='ltr'><strong>sese</strong></span> <span class='ocrx_word' id='word_1_207' title='bbox 1054 2731 1371 2801; x_wconf 88' lang='lat' dir='ltr'><strong>permutato</strong></span> <span class='ocrx_word' id='word_1_208' title='bbox 1396 2723 1590 2783; x_wconf 89' lang='lat' dir='ltr'><strong>ordine</strong></span> <span class='ocrx_word' id='word_1_209' title='bbox 1615 2732 1890 2802; x_wconf 85' lang='lat' dir='ltr'><strong>possent,</strong></span> 
     </span>
     <span class='ocr_line' id='line_1_31' title="bbox 455 2803 1792 2884; baseline -0.001 -18"><span class='ocrx_word' id='word_1_210' title='bbox 455 2808 505 2866; x_wconf 90' lang='lat' dir='ltr'><strong>si</strong></span> <span class='ocrx_word' id='word_1_211' title='bbox 530 2823 641 2865; x_wconf 91' lang='lat' dir='ltr'><strong>non</strong></span> <span class='ocrx_word' id='word_1_212' title='bbox 663 2807 790 2884; x_wconf 91' lang='lat' dir='ltr'><strong>ipsa</strong></span> <span class='ocrx_word' id='word_1_213' title='bbox 813 2805 965 2865; x_wconf 89' lang='lat' dir='ltr'><strong>dedit</strong></span> <span class='ocrx_word' id='word_1_214' title='bbox 988 2807 1283 2884; x_wconf 90' lang='lat' dir='ltr'><strong>specimen</strong></span> <span class='ocrx_word' id='word_1_215' title='bbox 1306 2815 1500 2866; x_wconf 89' lang='lat' dir='ltr'><strong>natura</strong></span> <span class='ocrx_word' id='word_1_216' title='bbox 1525 2803 1792 2867; x_wconf 82' lang='lat' dir='ltr'><strong>creandi?</strong></span> 
     </span>
     <span class='ocr_line' id='line_1_32' title="bbox 457 2888 1947 2969; baseline -0.001 -21"><span class='ocrx_word' id='word_1_217' title='bbox 457 2907 697 2967; x_wconf 83' lang='lat' dir='ltr'><strong>namque</strong></span> <span class='ocrx_word' id='word_1_218' title='bbox 718 2889 795 2948; x_wconf 89' lang='lat' dir='ltr'><strong>ita</strong></span> <span class='ocrx_word' id='word_1_219' title='bbox 817 2888 987 2948; x_wconf 88' lang='lat' dir='ltr'><strong>multa</strong></span> <span class='ocrx_word' id='word_1_220' title='bbox 1011 2889 1191 2949; x_wconf 90' lang='lat' dir='ltr'><strong>modis</strong></span> <span class='ocrx_word' id='word_1_221' title='bbox 1222 2889 1411 2950; x_wconf 85' lang='lat' dir='ltr'><strong>multis</strong></span> <span class='ocrx_word' id='word_1_222' title='bbox 1436 2890 1734 2969; x_wconf 89' lang='lat' dir='ltr'><strong>primordia</strong></span> <span class='ocrx_word' id='word_1_223' title='bbox 1759 2908 1947 2948; x_wconf 91' lang='lat' dir='ltr'><strong>rerum</strong></span> 
     </span>
     <span class='ocr_line' id='line_1_33' title="bbox 458 2972 1636 3053; baseline 0.001 -21"><span class='ocrx_word' id='word_1_224' title='bbox 458 2992 533 3032; x_wconf 88' lang='lat' dir='ltr'><strong>ex</strong></span> <span class='ocrx_word' id='word_1_225' title='bbox 554 2972 766 3031; x_wconf 88' lang='lat' dir='ltr'><strong>infinito</strong></span> <span class='ocrx_word' id='word_1_226' title='bbox 797 2974 904 3031; x_wconf 90' lang='lat' dir='ltr'><strong>iam</strong></span> <span class='ocrx_word' id='word_1_227' title='bbox 927 2982 1186 3051; x_wconf 89' lang='lat' dir='ltr'><strong>tempore</strong></span> <span class='ocrx_word' id='word_1_228' title='bbox 1211 2975 1427 3051; x_wconf 85' lang='lat' dir='ltr'><strong>percita</strong></span> <span class='ocrx_word' id='word_1_229' title='bbox 1450 2972 1636 3053; x_wconf 84' lang='lat' dir='ltr'><strong>plagis</strong></span> 
     </span>
     <span class='ocr_line' id='line_1_34' title="bbox 460 3053 1940 3134; baseline 0 -20"><span class='ocrx_word' id='word_1_230' title='bbox 460 3055 920 3134; x_wconf 88' lang='lat' dir='ltr'><strong>ponderibusque</strong></span> <span class='ocrx_word' id='word_1_231' title='bbox 944 3057 1061 3116; x_wconf 91' lang='lat' dir='ltr'><strong>suis</strong></span> <span class='ocrx_word' id='word_1_232' title='bbox 1087 3066 1431 3116; x_wconf 86' lang='lat' dir='ltr'><strong>consuerunt</strong></span> <span class='ocrx_word' id='word_1_233' title='bbox 1456 3060 1679 3117; x_wconf 89' lang='lat' dir='ltr'><strong>concita</strong></span> <span class='ocrx_word' id='word_1_234' title='bbox 1709 3053 1861 3129; x_wconf 62' lang='lat' dir='ltr'><strong>ferri&gt;</strong></span> <span class='ocrx_word' id='word_1_235' title='bbox 1899 3101 1904 3108; x_wconf 90' lang='lat'><strong>.</strong></span> <span class='ocrx_word' id='word_1_236' title='bbox 1936 3097 1940 3100; x_wconf 21' lang='grc' dir='ltr'><strong>Α</strong></span> 
     </span>
    </p>

    <p class='ocr_par' dir='ltr' id='par_1_11' title="bbox 326 3137 2068 3545">
     <span class='ocr_line' id='line_1_35' title="bbox 326 3137 1948 3219; baseline 0.001 -23"><span class='ocrx_word' id='word_1_237' title='bbox 326 3146 437 3210; x_wconf 52' lang='grc'>,190</span> <span class='ocrx_word' id='word_1_238' title='bbox 466 3137 913 3215; x_wconf 87' lang='lat' dir='ltr'><strong>omnimodisque</strong></span> <span class='ocrx_word' id='word_1_239' title='bbox 941 3141 1096 3198; x_wconf 91' lang='lat' dir='ltr'><strong>coire</strong></span> <span class='ocrx_word' id='word_1_240' title='bbox 1120 3150 1291 3219; x_wconf 87' lang='lat' dir='ltr'><strong>atque</strong></span> <span class='ocrx_word' id='word_1_241' title='bbox 1319 3142 1501 3200; x_wconf 89' lang='lat' dir='ltr'><strong>omnia</strong></span> <span class='ocrx_word' id='word_1_242' title='bbox 1530 3150 1911 3219; x_wconf 87' lang='lat' dir='ltr'><strong>pertemptare</strong></span> <span class='ocrx_word' id='word_1_243' title='bbox 1930 3185 1948 3215; x_wconf 83' lang='lat'>,</span> 
     </span>
     <span class='ocr_line' id='line_1_36' title="bbox 461 3222 1974 3318; baseline 0.003 -40"><span class='ocrx_word' id='word_1_244' title='bbox 461 3238 849 3318; x_wconf 79' lang='lat' dir='ltr'><strong>quaecumque</strong></span> <span class='ocrx_word' id='word_1_245' title='bbox 876 3222 1022 3281; x_wconf 90' lang='lat' dir='ltr'><strong>inter</strong></span> <span class='ocrx_word' id='word_1_246' title='bbox 1044 3242 1109 3283; x_wconf 89' lang='lat' dir='ltr'><strong>se</strong></span> <span class='ocrx_word' id='word_1_247' title='bbox 1133 3234 1370 3301; x_wconf 88' lang='lat' dir='ltr'><strong>possent</strong></span> <span class='ocrx_word' id='word_1_248' title='bbox 1403 3242 1713 3300; x_wconf 88' lang='lat' dir='ltr'><strong>congressa</strong></span> <span class='ocrx_word' id='word_1_249' title='bbox 1739 3240 1934 3283; x_wconf 90' lang='lat' dir='ltr'><strong>creare</strong></span> <span class='ocrx_word' id='word_1_250' title='bbox 1956 3269 1974 3301; x_wconf 87' lang='lat'>,</span> 
     </span>
     <span class='ocr_line' id='line_1_37' title="bbox 458 3304 1703 3385; baseline 0.005 -24"><span class='ocrx_word' id='word_1_251' title='bbox 458 3313 519 3362; x_wconf 91' lang='lat' dir='ltr'><strong>ut</strong></span> <span class='ocrx_word' id='word_1_252' title='bbox 543 3320 655 3362; x_wconf 90' lang='lat' dir='ltr'><strong>non</strong></span> <span class='ocrx_word' id='word_1_253' title='bbox 677 3304 750 3362; x_wconf 91' lang='lat' dir='ltr'><strong>sit</strong></span> <span class='ocrx_word' id='word_1_254' title='bbox 771 3304 1001 3380; x_wconf 82' lang='lat' dir='ltr'><strong>mirum,</strong></span> <span class='ocrx_word' id='word_1_255' title='bbox 1028 3308 1077 3365; x_wconf 92' lang='lat' dir='ltr'><strong>si</strong></span> <span class='ocrx_word' id='word_1_256' title='bbox 1100 3308 1155 3364; x_wconf 89' lang='lat' dir='ltr'><strong>in</strong></span> <span class='ocrx_word' id='word_1_257' title='bbox 1178 3305 1306 3366; x_wconf 89' lang='lat' dir='ltr'><strong>talis</strong></span> <span class='ocrx_word' id='word_1_258' title='bbox 1334 3306 1703 3385; x_wconf 89' lang='lat' dir='ltr'><strong>disposituras</strong></span> 
     </span>
     <span class='ocr_line' id='line_1_38' title="bbox 462 3384 1880 3465; baseline 0.004 -21"><span class='ocrx_word' id='word_1_259' title='bbox 462 3384 793 3445; x_wconf 86' lang='lat' dir='ltr'><strong>deciderunt</strong></span> <span class='ocrx_word' id='word_1_260' title='bbox 817 3403 1044 3465; x_wconf 86' lang='lat' dir='ltr'><strong>quoque</strong></span> <span class='ocrx_word' id='word_1_261' title='bbox 1069 3390 1203 3447; x_wconf 87' lang='lat' dir='ltr'><strong>etin</strong></span> <span class='ocrx_word' id='word_1_262' title='bbox 1232 3388 1358 3449; x_wconf 86' lang='lat' dir='ltr'><strong>talis</strong></span> <span class='ocrx_word' id='word_1_263' title='bbox 1390 3408 1602 3449; x_wconf 86' lang='lat' dir='ltr'><strong>venere</strong></span> <span class='ocrx_word' id='word_1_264' title='bbox 1629 3399 1845 3450; x_wconf 85' lang='lat' dir='ltr'><strong>meatus</strong></span> <span class='ocrx_word' id='word_1_265' title='bbox 1862 3435 1880 3465; x_wconf 82' lang='lat'>,</span> 
     </span>
     <span class='ocr_line' id='line_1_39' title="bbox 463 3466 2068 3545; baseline 0.005 -20"><span class='ocrx_word' id='word_1_266' title='bbox 463 3466 721 3545; x_wconf 88' lang='lat' dir='ltr'><strong>qualibus</strong></span> <span class='ocrx_word' id='word_1_267' title='bbox 751 3466 898 3524; x_wconf 86' lang='lat' dir='ltr'><strong>haec</strong></span> <span class='ocrx_word' id='word_1_268' title='bbox 920 3487 1105 3528; x_wconf 88' lang='lat' dir='ltr'><strong>rerum</strong></span> <span class='ocrx_word' id='word_1_269' title='bbox 1128 3474 1349 3534; x_wconf 61' lang='lat' dir='ltr'><strong>aeritur</strong></span> <span class='ocrx_word' id='word_1_270' title='bbox 1369 3491 1517 3532; x_wconf 88' lang='lat' dir='ltr'><strong>nunc</strong></span> <span class='ocrx_word' id='word_1_271' title='bbox 1542 3491 1753 3532; x_wconf 87' lang='lat' dir='ltr'><strong>summa</strong></span> <span class='ocrx_word' id='word_1_272' title='bbox 1782 3473 2068 3534; x_wconf 84' lang='lat' dir='ltr'><strong>novando.</strong></span> 
     </span>
    </p>
   </div>
   <div class='ocr_carea' id='block_1_3' title="bbox 2383 0 2386 1425">
    <p class='ocr_par' dir='ltr' id='par_1_12' title="bbox 2383 0 2386 1425">
     <span class='ocr_line' id='line_1_40' title="bbox 2383 0 2386 1425; baseline 0 0"><span class='ocrx_word' id='word_1_273' title='bbox 2383 0 2386 1425; x_wconf 95' lang='lat' dir='ltr'><strong> </strong></span> 
     </span>
    </p>
   </div>
   <div class='ocr_carea' id='block_1_4' title="bbox 2383 1592 2386 3788">
    <p class='ocr_par' dir='ltr' id='par_1_13' title="bbox 2383 1592 2386 3788">
     <span class='ocr_line' id='line_1_41' title="bbox 2383 1592 2386 3788; baseline 0 0"><span class='ocrx_word' id='word_1_274' title='bbox 2383 1592 2386 3788; x_wconf 95' lang='lat' dir='ltr'><strong> </strong></span> 
     </span>
    </p>
   </div>
  </div>
 </body>
</html>
