2409 3825
182 161 304 226 118
1151 158 1230 218 lv

357 331 648 390 discutere
680 336 737 386 et
763 345 972 406 corpus
1002 326 1071 385 de
1095 335 1248 386 terra
1274 327 1567 404 corripere
1594 325 1799 385 instant

352 413 594 493 proinde
618 413 777 490 quasi
800 414 1024 490 ignotas
1046 410 1227 470 facies
1249 418 1420 489 atque
1448 427 1547 470 ora
1571 418 1811 471 tuantur.

355 507 413 557 et
439 514 551 576 quo
576 514 837 575 quaeque
865 496 1043 573 magis
1069 504 1198 555 sunt
1220 511 1425 573 aspera
1449 495 1808 556 seminiorum
1828 539 1844 569 ‚

352 593 463 642 tam
489 582 669 658 magis
697 583 752 638 in
776 581 989 641 somnis
1014 578 1214 638 cadem
1239 579 1461 640 saevire
1482 587 1815 639 necessust:

187 679 330 732 1000
360 676 416 726 at
437 667 625 727 variae
648 664 871 742 fugiunt
891 663 1160 724 volucres
1184 663 1486 742 pinnisque
1509 671 1751 741 repente

355 747 666 811 sollicitant
687 748 873 808 divom
898 756 1177 808 nocturno
1201 755 1463 826 tempore
1486 745 1652 809 lucos
1669 792 1687 823 ,

355 834 665 912 accipitres
689 849 888 892 somno
919 833 975 891 in
997 831 1111 890 leni
1135 832 1183 891 si
1209 830 1428 912 proelia
1450 848 1670 909 pugnas

357 917 531 978 edere
556 925 686 977 sunt
708 924 1106 995 persectantes
1133 918 1409 994 visaeque
1431 914 1711 975 volantes.

356 1018 530 1085 porro
553 999 837 1060 hominum
858 1009 1080 1061 mentes
1097 1045 1114 1076 ‚
1137 1001 1354 1077 maguis
1383 1000 1476 1077 qui
1496 999 1770 1058 mortibus
1797 998 1969 1058 edunt

190 1101 325 1153 1005
356 1103 555 1163 magna
570 1131 589 1164 ‚
613 1084 805 1145 itidem
829 1103 1006 1163 saepe
1028 1086 1085 1142 in
1112 1084 1324 1145 somnis
1348 1083 1673 1162 faciuntque
1696 1091 2054 1160 gerantque,

356 1188 532 1246 reges
556 1179 915 1248 expugnant,
944 1170 1270 1248 capiuntur,
1296 1166 1515 1247 proelia
1536 1169 1811 1243 miscent,

359 1253 564 1313 tollunt
589 1254 892 1313 clamorem
907 1298 925 1331 ‚
951 1254 1111 1332 quasi
1132 1255 1182 1313 si
1200 1251 1527 1330 iugulentur
1550 1252 1775 1311 ibidem.

357 1338 515 1397 multi
546 1336 872 1416 depugnant
895 1338 1257 1416 gemitusque
1283 1335 1575 1397 doloribus
1599 1335 1803 1412 edunt,

359 1433 416 1481 et
442 1423 601 1501 quasi
627 1421 936 1500 pantherae
959 1439 1150 1481 morsu
1172 1422 1404 1482 saevive
1427 1419 1611 1480 leonis

189 1519 328 1571 1010
355 1505 684 1565 mandantur
703 1507 922 1583 magnis
952 1505 1291 1566 clamoribus
1316 1506 1498 1565 omnia
1523 1503 1828 1583 complent.

354 1590 515 1649 multi
540 1590 609 1650 de
634 1592 850 1667 magnis
874 1608 980 1668 per
1001 1607 1257 1650 somnum
1277 1589 1436 1650 rehu’
1461 1587 1766 1667 loquuntur
1782 1634 1798 1664 ‚

356 1674 683 1752 indicioque
707 1676 795 1733 sui
818 1674 954 1734 facti
974 1692 1260 1753 persaepe
1290 1674 1472 1734 fuere.

359 1758 514 1818 multi
537 1767 776 1818 mortem
799 1759 1031 1821 obeunt.
1059 1757 1253 1835 multi,
1283 1758 1354 1817 de
1384 1755 1667 1818 montibus
1693 1755 1820 1815 altis

358 1852 419 1900 ut
445 1845 538 1921 qui
565 1843 946 1922 praecipitent
974 1842 1045 1902 ad
1066 1853 1273 1902 terram
1299 1859 1544 1922 corpore
1566 1849 1687 1901 toto
1705 1886 1721 1917 ‚

191 1939 325 1991 1015
358 1937 778 2005 emerguntur,
810 1937 964 1988 etex
984 1945 1183 1988 somno
1211 1929 1370 2007 quasi
1394 1926 1659 1988 mentibu’
1686 1926 1846 2002 capti-

355 2012 452 2071 vix
472 2010 542 2069 ad
566 2029 631 2070 se
659 2010 936 2089 redeunt,
960 2014 1203 2091 permoti
1230 2013 1490 2091 corporis
1516 2019 1696 2071 aestu.

360 2095 565 2153 flumen
590 2096 725 2154 item
747 2095 949 2156 sitiens
972 2105 1067 2155 aut
1093 2095 1310 2156 fontem
1331 2105 1572 2175 propter
1592 2110 1888 2153 amoenum

356 2177 578 2238 adsidet
606 2187 665 2237 et
699 2188 876 2239 totum
898 2197 1083 2259 prope
1112 2180 1372 2240 faucibus
1398 2186 1644 2256 occupat
1666 2194 1903 2235 amnem.

360 2262 483 2338 puri
507 2279 685 2341 saepe
705 2260 890 2322 lacum
912 2273 1152 2342 propter
1174 2266 1224 2325 si
1248 2282 1316 2324 ac
1346 2262 1494 2324 dolia
1524 2270 1682 2322 curta

195 2355 330 2410 1020
359 2362 559 2405 somno
587 2345 834 2406 devincti
862 2347 1099 2411 credunt
1122 2366 1188 2409 se
1215 2346 1497 2408 extollere
1520 2355 1743 2405 vestem
1763 2390 1782 2421 ‚

357 2431 531 2489 totius
553 2447 807 2490 umorem
829 2442 1118 2493 saccatum
1142 2433 1388 2511 corpori'
1411 2431 1681 2505 fundunt,

361 2531 488 2572 cum
510 2513 855 2589 Babylonica
875 2517 1174 2593 magnifico
1197 2514 1508 2595 splendore
1531 2516 1800 2591 rigantur.

359 2607 474 2656 turn
505 2599 707 2676 quibus
730 2601 931 2660 aetatis
955 2600 1101 2660 freta
1124 2602 1379 2679 primitus
1400 2601 1711 2659 insinuatur

359 2701 588 2761 semen,
612 2683 710 2742 ubi
733 2685 859 2762 ipsa
886 2683 1008 2746 dies
1038 2686 1305 2746 membris
1332 2694 1545 2755 matura
1568 2682 1815 2758 creavit,

195 2776 326 2830 1025
361 2768 705 2826 conveniunt
732 2767 1029 2828 simulacra
1052 2768 1192 2829 foris
1220 2788 1253 2829 e
1284 2785 1529 2847 corpore
1552 2764 1831 2846 quodam,

359 2852 548 2909 nuntia
568 2850 847 2929 praeclari
870 2851 1061 2913 voltus
1084 2852 1423 2932 pulchrique
1454 2851 1665 2912 coloris
1682 2896 1700 2928 ‚

363 2936 457 3013 qui
481 2934 595 2994 ciet
620 2936 851 2995 inritans
875 2934 1004 2996 loca
1026 2936 1248 3014 turgida
1269 2939 1485 2997 semine
1510 2934 1686 2995 multo
1703 2979 1723 3012 ‚

359 3029 419 3079 ut
442 3020 599 3096 quasi
621 3019 919 3081 transactis
948 3039 1125 3101 saepe
1150 3022 1395 3081 omnibu'
1421 3020 1581 3080 rebu’
1604 3017 1944 3098 profundant

361 3104 601 3162 fluminis
624 3105 873 3180 ingentis
898 3104 1105 3166 fluctus
1128 3113 1468 3183 vestemque
1500 3110 1818 3163 cruentent.

197 3196 332 3248 1030
446 3186 799 3246 Sollicitatur
819 3188 875 3247 id
899 3191 963 3249 in
986 3190 1153 3250 nobis
1173 3235 1190 3266 ‚
1221 3187 1374 3268 quod
1398 3189 1637 3251 diximus
1658 3194 1788 3246 ante
1804 3229 1823 3262 ,

362 3288 560 3331 semen
576 3317 595 3348 ‚
630 3270 815 3330 adulta
839 3282 995 3334 aetas
1022 3292 1148 3333 cum
1169 3276 1408 3352 primum
1431 3273 1661 3333 roborat
1682 3281 1855 3330 artus.

358 3372 599 3431 namque
624 3353 762 3414 alias
785 3354 936 3414 aliud
961 3376 1058 3418 res
1088 3365 1408 3417 commovet
1430 3366 1600 3434 atque
1631 3354 1900 3413 lacessit:

360 3457 434 3496 ex
457 3438 683 3497 homine
707 3437 1005 3497 humanum
1031 3459 1230 3501 semen
1257 3442 1371 3499 ciet
1395 3459 1501 3498 una
1526 3439 1767 3498 hominis
1789 3438 1899 3498 vis.
