<?xml version="1.0" encoding="UTF-8"?>
<!DOCTYPE html PUBLIC "-//W3C//DTD XHTML 1.0 Transitional//EN"
    "http://www.w3.org/TR/xhtml1/DTD/xhtml1-transitional.dtd">
<html xmlns="http://www.w3.org/1999/xhtml" xml:lang="en" lang="en">
 <head>
  <title>
</title>
<meta http-equiv="Content-Type" content="text/html;charset=utf-8" />
  <meta name='ocr-system' content='tesseract 3.04.00' />
  <meta name='ocr-capabilities' content='ocr_page ocr_carea ocr_par ocr_line ocrx_word'/>
</head>
<body>
  <div class='ocr_page' id='page_1' title='image "./tlucreticarider01unkngoog_0128.png"; bbox 0 0 2409 3825; ppageno 0'>
   <div class='ocr_carea' id='block_1_1' title="bbox 316 172 1357 237">
    <p class='ocr_par' dir='ltr' id='par_1_1' title="bbox 316 172 1357 237">
     <span class='ocr_line' id='line_1_1' title="bbox 316 172 1357 237; baseline -0.002 0"><span class='ocrx_word' id='word_1_1' title='bbox 316 172 440 237; x_wconf 85' lang='lat'><strong>108</strong></span> <span class='ocrx_word' id='word_1_2' title='bbox 1277 175 1357 235; x_wconf 77' lang='lat' dir='ltr'><strong>lv</strong></span> 
     </span>
    </p>
   </div>
   <div class='ocr_carea' id='block_1_2' title="bbox 353 341 2143 3523">
    <p class='ocr_par' dir='ltr' id='par_1_2' title="bbox 484 341 1815 423">
     <span class='ocr_line' id='line_1_2' title="bbox 484 341 1815 423; baseline 0.002 -22"><span class='ocrx_word' id='word_1_3' title='bbox 484 342 689 402; x_wconf 87' lang='lat' dir='ltr'><strong>diditur</strong></span> <span class='ocrx_word' id='word_1_4' title='bbox 710 352 769 402; x_wconf 83' lang='lat' dir='ltr'><strong>et</strong></span> <span class='ocrx_word' id='word_1_5' title='bbox 791 359 950 401; x_wconf 91' lang='lat' dir='ltr'><strong>rarae</strong></span> <span class='ocrx_word' id='word_1_6' title='bbox 976 341 1257 421; x_wconf 84' lang='lat' dir='ltr'><strong>perplexa</strong></span> <span class='ocrx_word' id='word_1_7' title='bbox 1279 342 1547 403; x_wconf 81' lang='lat' dir='ltr'>foramina</span> <span class='ocrx_word' id='word_1_8' title='bbox 1570 343 1815 423; x_wconf 83' lang='lat' dir='ltr'><strong>linguae.</strong></span> 
     </span>
    </p>

    <p class='ocr_par' dir='ltr' id='par_1_3' title="bbox 357 426 1937 843">
     <span class='ocr_line' id='line_1_3' title="bbox 357 426 1784 506; baseline -0.002 -16"><span class='ocrx_word' id='word_1_9' title='bbox 357 436 461 490; x_wconf 83' lang='lat'><strong>620</strong></span> <span class='ocrx_word' id='word_1_10' title='bbox 483 426 597 486; x_wconf 92' lang='lat' dir='ltr'><strong>hoc</strong></span> <span class='ocrx_word' id='word_1_11' title='bbox 619 426 714 486; x_wconf 89' lang='lat' dir='ltr'><strong>ubi</strong></span> <span class='ocrx_word' id='word_1_12' title='bbox 739 426 888 487; x_wconf 86' lang='lat' dir='ltr'><strong>levia</strong></span> <span class='ocrx_word' id='word_1_13' title='bbox 911 435 1041 486; x_wconf 91' lang='lat' dir='ltr'><strong>sunt</strong></span> <span class='ocrx_word' id='word_1_14' title='bbox 1062 428 1334 487; x_wconf 89' lang='lat' dir='ltr'><strong>manantis</strong></span> <span class='ocrx_word' id='word_1_15' title='bbox 1361 444 1605 506; x_wconf 87' lang='lat' dir='ltr'><strong>corpora</strong></span> <span class='ocrx_word' id='word_1_16' title='bbox 1627 431 1784 506; x_wconf 81' lang='lat' dir='ltr'><strong>suci,</strong></span> 
     </span>
     <span class='ocr_line' id='line_1_4' title="bbox 484 511 1885 592; baseline 0.001 -21"><span class='ocrx_word' id='word_1_17' title='bbox 484 511 734 571; x_wconf 82' lang='lat' dir='ltr'><strong>suaviter</strong></span> <span class='ocrx_word' id='word_1_18' title='bbox 755 511 1031 586; x_wconf 84' lang='lat' dir='ltr'><strong>attingunt</strong></span> <span class='ocrx_word' id='word_1_19' title='bbox 1055 518 1114 569; x_wconf 91' lang='lat' dir='ltr'><strong>et</strong></span> <span class='ocrx_word' id='word_1_20' title='bbox 1136 512 1386 570; x_wconf 82' lang='lat' dir='ltr'><strong>suaviter</strong></span> <span class='ocrx_word' id='word_1_21' title='bbox 1409 511 1593 572; x_wconf 88' lang='lat' dir='ltr'><strong>omnia</strong></span> <span class='ocrx_word' id='word_1_22' title='bbox 1609 521 1850 574; x_wconf 88' lang='lat' dir='ltr'><strong>tractant</strong></span> <span class='ocrx_word' id='word_1_23' title='bbox 1868 560 1885 592; x_wconf 85' lang='lat'><strong>‚</strong></span> 
     </span>
     <span class='ocr_line' id='line_1_5' title="bbox 484 592 1662 674; baseline 0.003 -21"><span class='ocrx_word' id='word_1_24' title='bbox 484 593 667 654; x_wconf 87' lang='lat' dir='ltr'><strong>umida</strong></span> <span class='ocrx_word' id='word_1_25' title='bbox 689 592 898 671; x_wconf 87' lang='lat' dir='ltr'><strong>linguai</strong></span> <span class='ocrx_word' id='word_1_26' title='bbox 925 595 1137 652; x_wconf 86' lang='lat' dir='ltr'><strong>circum</strong></span> <span class='ocrx_word' id='word_1_27' title='bbox 1159 594 1399 654; x_wconf 87' lang='lat' dir='ltr'><strong>sidentia</strong></span> <span class='ocrx_word' id='word_1_28' title='bbox 1419 594 1662 674; x_wconf 87' lang='lat' dir='ltr'><strong>templa:</strong></span> 
     </span>
     <span class='ocr_line' id='line_1_6' title="bbox 484 677 1937 758; baseline 0.001 -20"><span class='ocrx_word' id='word_1_29' title='bbox 484 687 539 738; x_wconf 88' lang='lat' dir='ltr'><strong>at</strong></span> <span class='ocrx_word' id='word_1_30' title='bbox 565 687 760 737; x_wconf 86' lang='lat' dir='ltr'><strong>contra</strong></span> <span class='ocrx_word' id='word_1_31' title='bbox 783 686 1039 756; x_wconf 89' lang='lat' dir='ltr'><strong>pungunt</strong></span> <span class='ocrx_word' id='word_1_32' title='bbox 1060 695 1292 737; x_wconf 90' lang='lat' dir='ltr'><strong>sensum</strong></span> <span class='ocrx_word' id='word_1_33' title='bbox 1312 677 1681 758; x_wconf 83' lang='lat' dir='ltr'>lacerantque</span> <span class='ocrx_word' id='word_1_34' title='bbox 1710 690 1903 740; x_wconf 86' lang='lat' dir='ltr'><strong>coorta</strong></span> <span class='ocrx_word' id='word_1_35' title='bbox 1918 726 1937 758; x_wconf 87' lang='lat'><strong>‚</strong></span> 
     </span>
     <span class='ocr_line' id='line_1_7' title="bbox 484 762 1932 843; baseline 0.002 -23"><span class='ocrx_word' id='word_1_36' title='bbox 484 771 693 841; x_wconf 90' lang='lat' dir='ltr'><strong>quanto</strong></span> <span class='ocrx_word' id='word_1_37' title='bbox 721 776 981 838; x_wconf 85' lang='lat' dir='ltr'><strong>quaeque</strong></span> <span class='ocrx_word' id='word_1_38' title='bbox 1008 763 1187 838; x_wconf 87' lang='lat' dir='ltr'><strong>magis</strong></span> <span class='ocrx_word' id='word_1_39' title='bbox 1212 771 1342 821; x_wconf 90' lang='lat' dir='ltr'><strong>sunt</strong></span> <span class='ocrx_word' id='word_1_40' title='bbox 1363 765 1672 840; x_wconf 80' lang='lat' dir='ltr'><strong>asperitate</strong></span> <span class='ocrx_word' id='word_1_41' title='bbox 1693 762 1932 843; x_wconf 85' lang='lat' dir='ltr'><strong>repleta.</strong></span> 
     </span>
    </p>

    <p class='ocr_par' dir='ltr' id='par_1_4' title="bbox 355 842 1972 1261">
     <span class='ocr_line' id='line_1_8' title="bbox 355 842 1684 924; baseline 0.001 -18"><span class='ocrx_word' id='word_1_42' title='bbox 355 852 457 907; x_wconf 80' lang='grc'><strong>625</strong></span> <span class='ocrx_word' id='word_1_43' title='bbox 484 845 690 906; x_wconf 90' lang='lat' dir='ltr'><strong>deinde</strong></span> <span class='ocrx_word' id='word_1_44' title='bbox 713 842 978 923; x_wconf 86' lang='lat' dir='ltr'><strong>voluptas</strong></span> <span class='ocrx_word' id='word_1_45' title='bbox 1005 853 1094 904; x_wconf 89' lang='lat' dir='ltr'><strong>est</strong></span> <span class='ocrx_word' id='word_1_46' title='bbox 1119 863 1152 904; x_wconf 93' lang='lat' dir='ltr'><strong>e</strong></span> <span class='ocrx_word' id='word_1_47' title='bbox 1178 863 1321 905; x_wconf 91' lang='lat' dir='ltr'><strong>suco</strong></span> <span class='ocrx_word' id='word_1_48' title='bbox 1347 846 1456 905; x_wconf 87' lang='lat' dir='ltr'><strong>fine</strong></span> <span class='ocrx_word' id='word_1_49' title='bbox 1481 847 1684 924; x_wconf 85' lang='lat' dir='ltr'><strong>palati:</strong></span> 
     </span>
     <span class='ocr_line' id='line_1_9' title="bbox 487 927 1866 1009; baseline 0.002 -21"><span class='ocrx_word' id='word_1_50' title='bbox 487 947 612 988; x_wconf 90' lang='lat' dir='ltr'><strong>cum</strong></span> <span class='ocrx_word' id='word_1_51' title='bbox 635 945 776 987; x_wconf 87' lang='lat' dir='ltr'><strong>vero</strong></span> <span class='ocrx_word' id='word_1_52' title='bbox 803 927 1068 988; x_wconf 88' lang='lat' dir='ltr'><strong>deorsum</strong></span> <span class='ocrx_word' id='word_1_53' title='bbox 1089 945 1196 1006; x_wconf 91' lang='lat' dir='ltr'><strong>per</strong></span> <span class='ocrx_word' id='word_1_54' title='bbox 1218 929 1417 993; x_wconf 86' lang='lat' dir='ltr'><strong>fauces</strong></span> <span class='ocrx_word' id='word_1_55' title='bbox 1440 932 1866 1009; x_wconf 81' lang='lat' dir='ltr'><strong>praecipitavit,</strong></span> 
     </span>
     <span class='ocr_line' id='line_1_10' title="bbox 483 1010 1931 1090; baseline 0.001 -18"><span class='ocrx_word' id='word_1_56' title='bbox 483 1011 636 1072; x_wconf 89' lang='lat' dir='ltr'><strong>nulla</strong></span> <span class='ocrx_word' id='word_1_57' title='bbox 662 1010 926 1090; x_wconf 89' lang='lat' dir='ltr'><strong>voluptas</strong></span> <span class='ocrx_word' id='word_1_58' title='bbox 949 1021 1039 1072; x_wconf 90' lang='lat' dir='ltr'><strong>est</strong></span> <span class='ocrx_word' id='word_1_59' title='bbox 1056 1057 1075 1089; x_wconf 87' lang='lat'><strong>‚</strong></span> <span class='ocrx_word' id='word_1_60' title='bbox 1100 1011 1230 1071; x_wconf 89' lang='lat' dir='ltr'><strong>dum</strong></span> <span class='ocrx_word' id='word_1_61' title='bbox 1254 1012 1460 1073; x_wconf 90' lang='lat' dir='ltr'><strong>diditur</strong></span> <span class='ocrx_word' id='word_1_62' title='bbox 1483 1017 1661 1074; x_wconf 90' lang='lat' dir='ltr'><strong>omnis</strong></span> <span class='ocrx_word' id='word_1_63' title='bbox 1682 1016 1739 1073; x_wconf 93' lang='lat' dir='ltr'><strong>in</strong></span> <span class='ocrx_word' id='word_1_64' title='bbox 1759 1025 1931 1074; x_wconf 80' lang='lat' dir='ltr'><strong>artus,</strong></span> 
     </span>
     <span class='ocr_line' id='line_1_11' title="bbox 482 1094 1901 1177; baseline 0.001 -22"><span class='ocrx_word' id='word_1_65' title='bbox 482 1115 594 1156; x_wconf 87' lang='lat' dir='ltr'><strong>nec</strong></span> <span class='ocrx_word' id='word_1_66' title='bbox 615 1094 796 1155; x_wconf 82' lang='lat' dir='ltr'><strong>refert</strong></span> <span class='ocrx_word' id='word_1_67' title='bbox 820 1098 1118 1174; x_wconf 88' lang='lat' dir='ltr'><strong>quicquam</strong></span> <span class='ocrx_word' id='word_1_68' title='bbox 1143 1113 1255 1175; x_wconf 91' lang='lat' dir='ltr'><strong>quo</strong></span> <span class='ocrx_word' id='word_1_69' title='bbox 1278 1098 1434 1156; x_wconf 86' lang='lat' dir='ltr'><strong>victu</strong></span> <span class='ocrx_word' id='word_1_70' title='bbox 1459 1114 1668 1177; x_wconf 87' lang='lat' dir='ltr'><strong>corpus</strong></span> <span class='ocrx_word' id='word_1_71' title='bbox 1691 1097 1870 1158; x_wconf 81' lang='lat' dir='ltr'><strong>alatur</strong></span> <span class='ocrx_word' id='word_1_72' title='bbox 1885 1145 1901 1176; x_wconf 82' lang='lat'>‚</span> 
     </span>
     <span class='ocr_line' id='line_1_12' title="bbox 484 1179 1972 1261; baseline 0.003 -22"><span class='ocrx_word' id='word_1_73' title='bbox 484 1179 780 1239; x_wconf 90' lang='lat' dir='ltr'><strong>dummodo</strong></span> <span class='ocrx_word' id='word_1_74' title='bbox 807 1179 958 1258; x_wconf 87' lang='lat' dir='ltr'><strong>quod</strong></span> <span class='ocrx_word' id='word_1_75' title='bbox 984 1181 1172 1258; x_wconf 89' lang='lat' dir='ltr'><strong>capias</strong></span> <span class='ocrx_word' id='word_1_76' title='bbox 1198 1189 1539 1240; x_wconf 89' lang='lat' dir='ltr'><strong>concoctum</strong></span> <span class='ocrx_word' id='word_1_77' title='bbox 1562 1182 1755 1241; x_wconf 90' lang='lat' dir='ltr'><strong>didere</strong></span> <span class='ocrx_word' id='word_1_78' title='bbox 1781 1184 1972 1261; x_wconf 87' lang='lat' dir='ltr'><strong>possis</strong></span> 
     </span>
    </p>

    <p class='ocr_par' dir='ltr' id='par_1_5' title="bbox 357 1263 1984 1326">
     <span class='ocr_line' id='line_1_13' title="bbox 357 1263 1984 1326; baseline 0 -1"><span class='ocrx_word' id='word_1_79' title='bbox 357 1269 461 1326; x_wconf 89' lang='lat'><strong>630</strong></span> <span class='ocrx_word' id='word_1_80' title='bbox 483 1263 713 1323; x_wconf 88' lang='lat' dir='ltr'><strong>artubus</strong></span> <span class='ocrx_word' id='word_1_81' title='bbox 739 1271 794 1323; x_wconf 91' lang='lat' dir='ltr'><strong>et</strong></span> <span class='ocrx_word' id='word_1_82' title='bbox 819 1263 1092 1323; x_wconf 84' lang='lat' dir='ltr'><strong>stomachi</strong></span> <span class='ocrx_word' id='word_1_83' title='bbox 1115 1263 1421 1324; x_wconf 64' lang='lat' dir='ltr'><strong>umizlulum</strong></span> <span class='ocrx_word' id='word_1_84' title='bbox 1452 1284 1685 1326; x_wconf 82' lang='lat' dir='ltr'><strong>servare</strong></span> <span class='ocrx_word' id='word_1_85' title='bbox 1708 1275 1984 1326; x_wconf 89' lang='lat' dir='ltr'><strong>tenorem.</strong></span> 
     </span>
    </p>

    <p class='ocr_par' dir='ltr' id='par_1_6' title="bbox 481 1345 2093 1680">
     <span class='ocr_line' id='line_1_14' title="bbox 568 1345 1851 1429; baseline 0.004 -24"><span class='ocrx_word' id='word_1_86' title='bbox 568 1345 731 1406; x_wconf 90' lang='lat' dir='ltr'><strong>Nunc</strong></span> <span class='ocrx_word' id='word_1_87' title='bbox 755 1346 878 1408; x_wconf 89' lang='lat' dir='ltr'><strong>aliis</strong></span> <span class='ocrx_word' id='word_1_88' title='bbox 901 1346 1042 1408; x_wconf 89' lang='lat' dir='ltr'><strong>alius</strong></span> <span class='ocrx_word' id='word_1_89' title='bbox 1069 1349 1163 1426; x_wconf 91' lang='lat' dir='ltr'><strong>qui</strong></span> <span class='ocrx_word' id='word_1_90' title='bbox 1184 1349 1259 1408; x_wconf 91' lang='lat' dir='ltr'><strong>sit</strong></span> <span class='ocrx_word' id='word_1_91' title='bbox 1285 1348 1434 1408; x_wconf 83' lang='lat' dir='ltr'><strong>cibn&#39;</strong></span> <span class='ocrx_word' id='word_1_92' title='bbox 1459 1349 1851 1429; x_wconf 78' lang='lat' dir='ltr'><strong>suppeditatas</strong></span> 
     </span>
     <span class='ocr_line' id='line_1_15' title="bbox 485 1429 2093 1513; baseline 0.002 -22"><span class='ocrx_word' id='word_1_93' title='bbox 485 1431 784 1511; x_wconf 85' lang='lat' dir='ltr'><strong>expediam</strong></span> <span class='ocrx_word' id='word_1_94' title='bbox 802 1477 818 1508; x_wconf 87' lang='lat'>,</span> <span class='ocrx_word' id='word_1_95' title='bbox 846 1449 1096 1510; x_wconf 85' lang='lat' dir='ltr'><strong>quareve</strong></span> <span class='ocrx_word' id='word_1_96' title='bbox 1112 1477 1130 1508; x_wconf 82' lang='lat'>‚</span> <span class='ocrx_word' id='word_1_97' title='bbox 1156 1429 1281 1492; x_wconf 90' lang='lat' dir='ltr'><strong>aliis</strong></span> <span class='ocrx_word' id='word_1_98' title='bbox 1306 1432 1457 1511; x_wconf 91' lang='lat' dir='ltr'><strong>quod</strong></span> <span class='ocrx_word' id='word_1_99' title='bbox 1480 1435 1642 1494; x_wconf 86' lang='lat' dir='ltr'><strong>triste</strong></span> <span class='ocrx_word' id='word_1_100' title='bbox 1667 1443 1724 1494; x_wconf 86' lang='lat' dir='ltr'><strong>et</strong></span> <span class='ocrx_word' id='word_1_101' title='bbox 1746 1443 2047 1494; x_wconf 88' lang='lat' dir='ltr'><strong>amarumst</strong></span> <span class='ocrx_word' id='word_1_102' title='bbox 2065 1481 2093 1513; x_wconf 70' lang='lat'><strong>,</strong></span> 
     </span>
     <span class='ocr_line' id='line_1_16' title="bbox 481 1513 1855 1596; baseline 0.001 -21"><span class='ocrx_word' id='word_1_103' title='bbox 481 1515 597 1575; x_wconf 92' lang='lat' dir='ltr'><strong>hoc</strong></span> <span class='ocrx_word' id='word_1_104' title='bbox 620 1523 807 1575; x_wconf 89' lang='lat' dir='ltr'><strong>tamen</strong></span> <span class='ocrx_word' id='word_1_105' title='bbox 830 1533 964 1575; x_wconf 90' lang='lat' dir='ltr'><strong>esse</strong></span> <span class='ocrx_word' id='word_1_106' title='bbox 987 1513 1111 1575; x_wconf 89' lang='lat' dir='ltr'><strong>aliis</strong></span> <span class='ocrx_word' id='word_1_107' title='bbox 1135 1516 1321 1594; x_wconf 83' lang='lat' dir='ltr'><strong>possit</strong></span> <span class='ocrx_word' id='word_1_108' title='bbox 1342 1515 1618 1595; x_wconf 87' lang='lat' dir='ltr'><strong>perdulce</strong></span> <span class='ocrx_word' id='word_1_109' title='bbox 1644 1516 1821 1577; x_wconf 87' lang='lat' dir='ltr'><strong>videri</strong></span> <span class='ocrx_word' id='word_1_110' title='bbox 1836 1563 1855 1596; x_wconf 79' lang='lat'>,</span> 
     </span>
     <span class='ocr_line' id='line_1_17' title="bbox 483 1598 1872 1680; baseline 0.002 -22"><span class='ocrx_word' id='word_1_111' title='bbox 483 1608 748 1677; x_wconf 87' lang='lat' dir='ltr'><strong>tantaque</strong></span> <span class='ocrx_word' id='word_1_112' title='bbox 772 1600 827 1659; x_wconf 89' lang='lat' dir='ltr'><strong>in</strong></span> <span class='ocrx_word' id='word_1_113' title='bbox 849 1598 937 1660; x_wconf 90' lang='lat' dir='ltr'><strong>his</strong></span> <span class='ocrx_word' id='word_1_114' title='bbox 961 1599 1135 1659; x_wconf 89' lang='lat' dir='ltr'><strong>rebus</strong></span> <span class='ocrx_word' id='word_1_115' title='bbox 1160 1598 1420 1660; x_wconf 86' lang='lat' dir='ltr'><strong>distantia</strong></span> <span class='ocrx_word' id='word_1_116' title='bbox 1447 1600 1833 1680; x_wconf 81' lang='lat' dir='ltr'><strong>differitasque</strong></span> <span class='ocrx_word' id='word_1_117' title='bbox 1854 1647 1872 1678; x_wconf 82' lang='lat'>‚</span> 
     </span>
    </p>

    <p class='ocr_par' dir='ltr' id='par_1_7' title="bbox 356 1681 1913 2098">
     <span class='ocr_line' id='line_1_18' title="bbox 356 1681 1896 1762; baseline -0.003 -16"><span class='ocrx_word' id='word_1_118' title='bbox 356 1691 459 1746; x_wconf 86' lang='grc'><strong>635</strong></span> <span class='ocrx_word' id='word_1_119' title='bbox 484 1693 544 1744; x_wconf 92' lang='lat' dir='ltr'><strong>ut</strong></span> <span class='ocrx_word' id='word_1_120' title='bbox 569 1683 720 1762; x_wconf 88' lang='lat' dir='ltr'><strong>qnod</strong></span> <span class='ocrx_word' id='word_1_121' title='bbox 743 1681 817 1742; x_wconf 87' lang='lat' dir='ltr'><strong>ali</strong></span> <span class='ocrx_word' id='word_1_122' title='bbox 842 1683 1003 1744; x_wconf 91' lang='lat' dir='ltr'><strong>cibus</strong></span> <span class='ocrx_word' id='word_1_123' title='bbox 1028 1691 1118 1743; x_wconf 91' lang='lat' dir='ltr'><strong>est</strong></span> <span class='ocrx_word' id='word_1_124' title='bbox 1140 1682 1265 1759; x_wconf 89' lang='lat' dir='ltr'><strong>aliis</strong></span> <span class='ocrx_word' id='word_1_125' title='bbox 1290 1682 1407 1743; x_wconf 84' lang='lat' dir='ltr'><strong>fuat</strong></span> <span class='ocrx_word' id='word_1_126' title='bbox 1431 1703 1565 1744; x_wconf 88' lang='lat' dir='ltr'><strong>acre</strong></span> <span class='ocrx_word' id='word_1_127' title='bbox 1585 1703 1864 1745; x_wconf 84' lang='lat' dir='ltr'><strong>venenum</strong></span> <span class='ocrx_word' id='word_1_128' title='bbox 1879 1731 1896 1762; x_wconf 85' lang='lat'>,</span> 
     </span>
     <span class='ocr_line' id='line_1_19' title="bbox 485 1767 1913 1847; baseline 0.001 -21"><span class='ocrx_word' id='word_1_129' title='bbox 485 1767 709 1828; x_wconf 83' lang='lat' dir='ltr'><strong>dedicat</strong></span> <span class='ocrx_word' id='word_1_130' title='bbox 732 1777 791 1827; x_wconf 90' lang='lat' dir='ltr'><strong>ut</strong></span> <span class='ocrx_word' id='word_1_131' title='bbox 815 1785 1056 1846; x_wconf 89' lang='lat' dir='ltr'><strong>serpens</strong></span> <span class='ocrx_word' id='word_1_132' title='bbox 1077 1813 1094 1844; x_wconf 86' lang='lat'>,</span> <span class='ocrx_word' id='word_1_133' title='bbox 1121 1767 1359 1828; x_wconf 88' lang='lat' dir='ltr'><strong>hominis</strong></span> <span class='ocrx_word' id='word_1_134' title='bbox 1385 1787 1530 1847; x_wconf 91' lang='lat' dir='ltr'><strong>quae</strong></span> <span class='ocrx_word' id='word_1_135' title='bbox 1554 1778 1700 1829; x_wconf 85' lang='lat' dir='ltr'><strong>tacta</strong></span> <span class='ocrx_word' id='word_1_136' title='bbox 1723 1768 1913 1828; x_wconf 87' lang='lat' dir='ltr'><strong>salivis</strong></span> 
     </span>
     <span class='ocr_line' id='line_1_20' title="bbox 486 1850 1732 1933; baseline 0.002 -22"><span class='ocrx_word' id='word_1_137' title='bbox 486 1851 725 1930; x_wconf 84' lang='lat' dir='ltr'><strong>disperit</strong></span> <span class='ocrx_word' id='word_1_138' title='bbox 746 1869 815 1910; x_wconf 89' lang='lat' dir='ltr'><strong>ac</strong></span> <span class='ocrx_word' id='word_1_139' title='bbox 840 1869 975 1913; x_wconf 87' lang='lat' dir='ltr'><strong>sese</strong></span> <span class='ocrx_word' id='word_1_140' title='bbox 1000 1850 1316 1912; x_wconf 90' lang='lat' dir='ltr'><strong>mandendo</strong></span> <span class='ocrx_word' id='word_1_141' title='bbox 1342 1853 1570 1914; x_wconf 88' lang='lat' dir='ltr'><strong>conficit</strong></span> <span class='ocrx_word' id='word_1_142' title='bbox 1591 1854 1732 1933; x_wconf 90' lang='lat' dir='ltr'><strong>ipsa.</strong></span> 
     </span>
     <span class='ocr_line' id='line_1_21' title="bbox 481 1935 1881 2014; baseline 0.001 -21"><span class='ocrx_word' id='word_1_143' title='bbox 481 1945 783 2014; x_wconf 85' lang='lat' dir='ltr'><strong>praeterea</strong></span> <span class='ocrx_word' id='word_1_144' title='bbox 802 1935 966 1994; x_wconf 90' lang='lat' dir='ltr'><strong>nobis</strong></span> <span class='ocrx_word' id='word_1_145' title='bbox 988 1945 1273 1995; x_wconf 86' lang='lat' dir='ltr'><strong>veratrum</strong></span> <span class='ocrx_word' id='word_1_146' title='bbox 1299 1946 1389 1997; x_wconf 89' lang='lat' dir='ltr'><strong>est</strong></span> <span class='ocrx_word' id='word_1_147' title='bbox 1415 1955 1548 1997; x_wconf 88' lang='lat' dir='ltr'><strong>acre</strong></span> <span class='ocrx_word' id='word_1_148' title='bbox 1571 1955 1849 1998; x_wconf 84' lang='lat' dir='ltr'><strong>venenum</strong></span> <span class='ocrx_word' id='word_1_149' title='bbox 1864 1982 1881 2013; x_wconf 83' lang='lat'>‚</span> 
     </span>
     <span class='ocr_line' id='line_1_22' title="bbox 483 2017 1676 2098; baseline 0.001 -20"><span class='ocrx_word' id='word_1_150' title='bbox 483 2029 539 2079; x_wconf 92' lang='lat' dir='ltr'><strong>at</strong></span> <span class='ocrx_word' id='word_1_151' title='bbox 565 2020 749 2096; x_wconf 88' lang='lat' dir='ltr'><strong>capris</strong></span> <span class='ocrx_word' id='word_1_152' title='bbox 772 2017 969 2097; x_wconf 89' lang='lat' dir='ltr'><strong>adipes</strong></span> <span class='ocrx_word' id='word_1_153' title='bbox 995 2028 1052 2078; x_wconf 90' lang='lat' dir='ltr'><strong>et</strong></span> <span class='ocrx_word' id='word_1_154' title='bbox 1078 2020 1464 2081; x_wconf 87' lang='lat' dir='ltr'><strong>coturnicibus</strong></span> <span class='ocrx_word' id='word_1_155' title='bbox 1488 2029 1676 2098; x_wconf 85' lang='lat' dir='ltr'><strong>auget.</strong></span> 
     </span>
    </p>

    <p class='ocr_par' dir='ltr' id='par_1_8' title="bbox 358 2100 1931 2266">
     <span class='ocr_line' id='line_1_23' title="bbox 358 2100 1812 2184; baseline -0.002 -19"><span class='ocrx_word' id='word_1_156' title='bbox 358 2111 462 2165; x_wconf 79' lang='lat'><strong>640</strong></span> <span class='ocrx_word' id='word_1_157' title='bbox 484 2111 547 2161; x_wconf 91' lang='lat' dir='ltr'><strong>ut</strong></span> <span class='ocrx_word' id='word_1_158' title='bbox 571 2103 775 2181; x_wconf 91' lang='lat' dir='ltr'><strong>quibus</strong></span> <span class='ocrx_word' id='word_1_159' title='bbox 801 2100 857 2184; x_wconf 88' lang='lat' dir='ltr'><strong>id</strong></span> <span class='ocrx_word' id='word_1_160' title='bbox 881 2103 972 2162; x_wconf 87' lang='lat' dir='ltr'><strong>liat</strong></span> <span class='ocrx_word' id='word_1_161' title='bbox 994 2104 1169 2163; x_wconf 90' lang='lat' dir='ltr'><strong>rebus</strong></span> <span class='ocrx_word' id='word_1_162' title='bbox 1197 2121 1559 2181; x_wconf 86' lang='lat' dir='ltr'><strong>cognoscere</strong></span> <span class='ocrx_word' id='word_1_163' title='bbox 1586 2106 1779 2184; x_wconf 89' lang='lat' dir='ltr'><strong>possis</strong></span> <span class='ocrx_word' id='word_1_164' title='bbox 1796 2150 1812 2181; x_wconf 83' lang='lat'>,</span> 
     </span>
     <span class='ocr_line' id='line_1_24' title="bbox 483 2186 1931 2266; baseline 0.002 -23"><span class='ocrx_word' id='word_1_165' title='bbox 483 2186 764 2266; x_wconf 88' lang='lat' dir='ltr'><strong>principio</strong></span> <span class='ocrx_word' id='word_1_166' title='bbox 787 2187 1111 2247; x_wconf 89' lang='lat' dir='ltr'><strong>meminisse</strong></span> <span class='ocrx_word' id='word_1_167' title='bbox 1139 2186 1309 2248; x_wconf 89' lang='lat' dir='ltr'><strong>decet</strong></span> <span class='ocrx_word' id='word_1_168' title='bbox 1332 2206 1477 2266; x_wconf 88' lang='lat' dir='ltr'><strong>quae</strong></span> <span class='ocrx_word' id='word_1_169' title='bbox 1502 2188 1738 2248; x_wconf 87' lang='lat' dir='ltr'><strong>diximus</strong></span> <span class='ocrx_word' id='word_1_170' title='bbox 1769 2196 1896 2247; x_wconf 88' lang='lat' dir='ltr'><strong>ante</strong></span> <span class='ocrx_word' id='word_1_171' title='bbox 1913 2232 1931 2264; x_wconf 82' lang='lat'>‚</span> 
     </span>
    </p>

    <p class='ocr_par' dir='ltr' id='par_1_9' title="bbox 455 2269 2143 2518">
     <span class='ocr_line' id='line_1_25' title="bbox 455 2269 1746 2332; baseline -0.001 -2"><span class='ocrx_word' id='word_1_172' title='bbox 455 2273 466 2288; x_wconf 85' lang='lat'><strong><em>‘</em></strong></span> <span class='ocrx_word' id='word_1_173' title='bbox 486 2270 698 2330; x_wconf 88' lang='lat' dir='ltr'><strong>semina</strong></span> <span class='ocrx_word' id='word_1_174' title='bbox 719 2269 1057 2331; x_wconf 89' lang='lat' dir='ltr'><strong>multimodis</strong></span> <span class='ocrx_word' id='word_1_175' title='bbox 1080 2273 1137 2330; x_wconf 89' lang='lat' dir='ltr'><strong>in</strong></span> <span class='ocrx_word' id='word_1_176' title='bbox 1159 2272 1332 2332; x_wconf 87' lang='lat' dir='ltr'><strong>rebus</strong></span> <span class='ocrx_word' id='word_1_177' title='bbox 1357 2274 1524 2332; x_wconf 86' lang='lat' dir='ltr'><strong>mixta</strong></span> <span class='ocrx_word' id='word_1_178' title='bbox 1548 2273 1746 2332; x_wconf 89' lang='lat' dir='ltr'><strong>teneri.</strong></span> 
     </span>
     <span class='ocr_line' id='line_1_26' title="bbox 483 2356 2143 2436; baseline 0.002 -23"><span class='ocrx_word' id='word_1_179' title='bbox 483 2369 655 2432; x_wconf 92' lang='lat' dir='ltr'><strong>porro</strong></span> <span class='ocrx_word' id='word_1_180' title='bbox 682 2368 877 2413; x_wconf 90' lang='lat' dir='ltr'><strong>omnes</strong></span> <span class='ocrx_word' id='word_1_181' title='bbox 902 2372 1294 2433; x_wconf 89' lang='lat' dir='ltr'><strong>quaecumque</strong></span> <span class='ocrx_word' id='word_1_182' title='bbox 1321 2357 1505 2415; x_wconf 90' lang='lat' dir='ltr'><strong>cibum</strong></span> <span class='ocrx_word' id='word_1_183' title='bbox 1538 2358 1761 2436; x_wconf 86' lang='lat' dir='ltr'><strong>capiunt</strong></span> <span class='ocrx_word' id='word_1_184' title='bbox 1783 2356 2099 2417; x_wconf 87' lang='lat' dir='ltr'><strong>animantes</strong></span> <span class='ocrx_word' id='word_1_185' title='bbox 2116 2403 2143 2435; x_wconf 80' lang='lat'><strong>,</strong></span> 
     </span>
     <span class='ocr_line' id='line_1_27' title="bbox 483 2436 1820 2518; baseline 0.001 -22"><span class='ocrx_word' id='word_1_186' title='bbox 483 2447 543 2496; x_wconf 91' lang='lat' dir='ltr'><strong>ut</strong></span> <span class='ocrx_word' id='word_1_187' title='bbox 567 2446 696 2497; x_wconf 90' lang='lat' dir='ltr'><strong>sunt</strong></span> <span class='ocrx_word' id='word_1_188' title='bbox 721 2436 1023 2498; x_wconf 87' lang='lat' dir='ltr'><strong>dissimiles</strong></span> <span class='ocrx_word' id='word_1_189' title='bbox 1047 2441 1404 2500; x_wconf 88' lang='lat' dir='ltr'><strong>extrinsecus</strong></span> <span class='ocrx_word' id='word_1_190' title='bbox 1430 2447 1497 2500; x_wconf 80' lang='lat' dir='ltr'><strong>et‘</strong></span> <span class='ocrx_word' id='word_1_191' title='bbox 1510 2442 1820 2518; x_wconf 81' lang='lat' dir='ltr'><strong>generatim</strong></span> 
     </span>
    </p>

    <p class='ocr_par' dir='ltr' id='par_1_10' title="bbox 356 2521 1953 2938">
     <span class='ocr_line' id='line_1_28' title="bbox 356 2521 1888 2599; baseline -0.001 -17"><span class='ocrx_word' id='word_1_192' title='bbox 356 2529 459 2582; x_wconf 79' lang='lat'><strong>645</strong></span> <span class='ocrx_word' id='word_1_193' title='bbox 484 2523 687 2582; x_wconf 88' lang='lat' dir='ltr'><strong>extima</strong></span> <span class='ocrx_word' id='word_1_194' title='bbox 709 2521 1087 2581; x_wconf 89' lang='lat' dir='ltr'><strong>membrorum</strong></span> <span class='ocrx_word' id='word_1_195' title='bbox 1116 2525 1328 2583; x_wconf 90' lang='lat' dir='ltr'><strong>circum</strong></span> <span class='ocrx_word' id='word_1_196' title='bbox 1358 2542 1593 2584; x_wconf 89' lang='lat' dir='ltr'><strong>caesura</strong></span> <span class='ocrx_word' id='word_1_197' title='bbox 1619 2531 1888 2599; x_wconf 67' lang='lat' dir='ltr'><strong>coercet,</strong></span> 
     </span>
     <span class='ocr_line' id='line_1_29' title="bbox 483 2605 1923 2685; baseline 0.001 -21"><span class='ocrx_word' id='word_1_198' title='bbox 483 2605 721 2685; x_wconf 91' lang='lat' dir='ltr'><strong>proinde</strong></span> <span class='ocrx_word' id='word_1_199' title='bbox 746 2623 819 2665; x_wconf 87' lang='lat' dir='ltr'><strong>ex</strong></span> <span class='ocrx_word' id='word_1_200' title='bbox 841 2606 1148 2666; x_wconf 85' lang='lat' dir='ltr'><strong>seminibus</strong></span> <span class='ocrx_word' id='word_1_201' title='bbox 1176 2617 1436 2667; x_wconf 89' lang='lat' dir='ltr'><strong>constant</strong></span> <span class='ocrx_word' id='word_1_202' title='bbox 1457 2610 1706 2669; x_wconf 85' lang='lat' dir='ltr'><strong>variante</strong></span> <span class='ocrx_word' id='word_1_203' title='bbox 1732 2609 1923 2683; x_wconf 84' lang='lat' dir='ltr'><strong>figura.</strong></span> 
     </span>
     <span class='ocr_line' id='line_1_30' title="bbox 484 2690 1895 2767; baseline 0.001 -18"><span class='ocrx_word' id='word_1_204' title='bbox 484 2691 697 2749; x_wconf 87' lang='lat' dir='ltr'><strong>semina</strong></span> <span class='ocrx_word' id='word_1_205' title='bbox 722 2708 845 2748; x_wconf 91' lang='lat' dir='ltr'><strong>cum</strong></span> <span class='ocrx_word' id='word_1_206' title='bbox 871 2707 1042 2767; x_wconf 90' lang='lat' dir='ltr'><strong>porro</strong></span> <span class='ocrx_word' id='word_1_207' title='bbox 1069 2690 1312 2766; x_wconf 81' lang='lat' dir='ltr'><strong>distent,</strong></span> <span class='ocrx_word' id='word_1_208' title='bbox 1338 2691 1565 2751; x_wconf 79' lang='lat' dir='ltr'><strong>differre</strong></span> <span class='ocrx_word' id='word_1_209' title='bbox 1590 2700 1895 2752; x_wconf 90' lang='lat' dir='ltr'><strong>necessest</strong></span> 
     </span>
     <span class='ocr_line' id='line_1_31' title="bbox 482 2771 1953 2853; baseline 0.001 -20"><span class='ocrx_word' id='word_1_210' title='bbox 482 2771 778 2833; x_wconf 89' lang='lat' dir='ltr'><strong>intervalla</strong></span> <span class='ocrx_word' id='word_1_211' title='bbox 799 2775 1034 2852; x_wconf 85' lang='lat' dir='ltr'><strong>viasque</strong></span> <span class='ocrx_word' id='word_1_212' title='bbox 1050 2820 1069 2851; x_wconf 89' lang='lat'><strong>.,</strong></span> <span class='ocrx_word' id='word_1_213' title='bbox 1092 2773 1361 2833; x_wconf 84' lang='lat' dir='ltr'><strong>foramina</strong></span> <span class='ocrx_word' id='word_1_214' title='bbox 1384 2793 1529 2853; x_wconf 88' lang='lat' dir='ltr'><strong>quae</strong></span> <span class='ocrx_word' id='word_1_215' title='bbox 1553 2774 1916 2853; x_wconf 89' lang='lat' dir='ltr'><strong>perhibemus</strong></span> <span class='ocrx_word' id='word_1_216' title='bbox 1935 2821 1953 2852; x_wconf 82' lang='lat'>‚</span> 
     </span>
     <span class='ocr_line' id='line_1_32' title="bbox 485 2856 1906 2938; baseline 0.001 -22"><span class='ocrx_word' id='word_1_217' title='bbox 485 2856 740 2916; x_wconf 90' lang='lat' dir='ltr'><strong>omnibus</strong></span> <span class='ocrx_word' id='word_1_218' title='bbox 766 2858 820 2915; x_wconf 91' lang='lat' dir='ltr'><strong>in</strong></span> <span class='ocrx_word' id='word_1_219' title='bbox 843 2858 1109 2918; x_wconf 88' lang='lat' dir='ltr'><strong>membris</strong></span> <span class='ocrx_word' id='word_1_220' title='bbox 1134 2859 1270 2918; x_wconf 87' lang='lat' dir='ltr'><strong>etin</strong></span> <span class='ocrx_word' id='word_1_221' title='bbox 1293 2876 1393 2919; x_wconf 90' lang='lat' dir='ltr'><strong>ore</strong></span> <span class='ocrx_word' id='word_1_222' title='bbox 1418 2862 1662 2938; x_wconf 88' lang='lat' dir='ltr'><strong>ipsoque</strong></span> <span class='ocrx_word' id='word_1_223' title='bbox 1686 2857 1906 2937; x_wconf 89' lang='lat' dir='ltr'><strong>palato:</strong></span> 
     </span>
    </p>

    <p class='ocr_par' dir='ltr' id='par_1_11' title="bbox 357 2941 1970 3104">
     <span class='ocr_line' id='line_1_33' title="bbox 357 2941 1970 3022; baseline -0.001 -19"><span class='ocrx_word' id='word_1_224' title='bbox 357 2949 461 3003; x_wconf 91' lang='grc'><strong>650</strong></span> <span class='ocrx_word' id='word_1_225' title='bbox 486 2959 621 3001; x_wconf 90' lang='lat' dir='ltr'><strong>esse</strong></span> <span class='ocrx_word' id='word_1_226' title='bbox 650 2942 861 2999; x_wconf 89' lang='lat' dir='ltr'><strong>minora</strong></span> <span class='ocrx_word' id='word_1_227' title='bbox 886 2941 1058 3018; x_wconf 87' lang='lat' dir='ltr'><strong>igitur</strong></span> <span class='ocrx_word' id='word_1_228' title='bbox 1080 2941 1352 3021; x_wconf 88' lang='lat' dir='ltr'><strong>quaedam</strong></span> <span class='ocrx_word' id='word_1_229' title='bbox 1377 2945 1699 3022; x_wconf 89' lang='lat' dir='ltr'><strong>maioraque</strong></span> <span class='ocrx_word' id='word_1_230' title='bbox 1726 2941 1936 3002; x_wconf 90' lang='lat' dir='ltr'><strong>debent</strong></span> <span class='ocrx_word' id='word_1_231' title='bbox 1952 2988 1970 3020; x_wconf 88' lang='lat'>,</span> 
     </span>
     <span class='ocr_line' id='line_1_34' title="bbox 485 3023 1910 3104; baseline 0.001 -21"><span class='ocrx_word' id='word_1_232' title='bbox 485 3043 620 3085; x_wconf 89' lang='lat' dir='ltr'><strong>esse</strong></span> <span class='ocrx_word' id='word_1_233' title='bbox 643 3024 915 3103; x_wconf 86' lang='lat' dir='ltr'><strong>triquetra</strong></span> <span class='ocrx_word' id='word_1_234' title='bbox 938 3023 1061 3086; x_wconf 91' lang='lat' dir='ltr'><strong>aliis</strong></span> <span class='ocrx_word' id='word_1_235' title='bbox 1077 3070 1095 3101; x_wconf 83' lang='lat'>,</span> <span class='ocrx_word' id='word_1_236' title='bbox 1128 3024 1254 3086; x_wconf 89' lang='lat' dir='ltr'><strong>aliis</strong></span> <span class='ocrx_word' id='word_1_237' title='bbox 1278 3025 1546 3104; x_wconf 88' lang='lat' dir='ltr'><strong>quadrata</strong></span> <span class='ocrx_word' id='word_1_238' title='bbox 1568 3034 1910 3103; x_wconf 89' lang='lat' dir='ltr'><strong>necessest,</strong></span> 
     </span>
    </p>

    <p class='ocr_par' dir='ltr' id='par_1_12' title="bbox 413 3107 2052 3355">
     <span class='ocr_line' id='line_1_35' title="bbox 413 3107 2052 3188; baseline 0.003 -23"><span class='ocrx_word' id='word_1_239' title='bbox 413 3149 418 3155; x_wconf 86' lang='lat'>-</span> <span class='ocrx_word' id='word_1_240' title='bbox 482 3107 655 3167; x_wconf 90' lang='lat' dir='ltr'><strong>multa</strong></span> <span class='ocrx_word' id='word_1_241' title='bbox 679 3108 917 3168; x_wconf 89' lang='lat' dir='ltr'><strong>rutunda</strong></span> <span class='ocrx_word' id='word_1_242' title='bbox 932 3154 949 3185; x_wconf 82' lang='lat'>‚</span> <span class='ocrx_word' id='word_1_243' title='bbox 972 3109 1152 3169; x_wconf 91' lang='lat' dir='ltr'><strong>modis</strong></span> <span class='ocrx_word' id='word_1_244' title='bbox 1176 3109 1365 3169; x_wconf 90' lang='lat' dir='ltr'><strong>multis</strong></span> <span class='ocrx_word' id='word_1_245' title='bbox 1388 3109 1732 3187; x_wconf 85' lang='lat' dir='ltr'><strong>multangula</strong></span> <span class='ocrx_word' id='word_1_246' title='bbox 1756 3108 2052 3188; x_wconf 88' lang='lat' dir='ltr'><strong>quaedam.</strong></span> 
     </span>
     <span class='ocr_line' id='line_1_36' title="bbox 481 3191 1995 3272; baseline 0.003 -24"><span class='ocrx_word' id='word_1_247' title='bbox 481 3208 722 3269; x_wconf 87' lang='lat' dir='ltr'><strong>namque</strong></span> <span class='ocrx_word' id='word_1_248' title='bbox 749 3191 1048 3269; x_wconf 82' lang='lat' dir='ltr'><strong>figurarum</strong></span> <span class='ocrx_word' id='word_1_249' title='bbox 1070 3191 1212 3268; x_wconf 87' lang='lat' dir='ltr'><strong>ratio</strong></span> <span class='ocrx_word' id='word_1_250' title='bbox 1237 3204 1296 3252; x_wconf 92' lang='lat' dir='ltr'><strong>ut</strong></span> <span class='ocrx_word' id='word_1_251' title='bbox 1320 3202 1623 3272; x_wconf 87' lang='lat' dir='ltr'><strong>motusque</strong></span> <span class='ocrx_word' id='word_1_252' title='bbox 1646 3203 1995 3272; x_wconf 82' lang='lat' dir='ltr'><strong>reposcunt,</strong></span> 
     </span>
     <span class='ocr_line' id='line_1_37' title="bbox 461 3272 1868 3355; baseline 0.004 -24"><span class='ocrx_word' id='word_1_253' title='bbox 461 3272 721 3352; x_wconf 68' lang='lat' dir='ltr'><strong>‘proinde</strong></span> <span class='ocrx_word' id='word_1_254' title='bbox 744 3274 1106 3335; x_wconf 86' lang='lat' dir='ltr'><strong>foraminibus</strong></span> <span class='ocrx_word' id='word_1_255' title='bbox 1131 3276 1342 3336; x_wconf 89' lang='lat' dir='ltr'><strong>debent</strong></span> <span class='ocrx_word' id='word_1_256' title='bbox 1367 3277 1595 3337; x_wconf 81' lang='lat' dir='ltr'><strong>differre</strong></span> <span class='ocrx_word' id='word_1_257' title='bbox 1620 3278 1831 3355; x_wconf 82' lang='lat' dir='ltr'><strong>figurae</strong></span> <span class='ocrx_word' id='word_1_258' title='bbox 1848 3321 1868 3354; x_wconf 84' lang='lat'>,</span> 
     </span>
    </p>

    <p class='ocr_par' dir='ltr' id='par_1_13' title="bbox 353 3359 1818 3437">
     <span class='ocr_line' id='line_1_38' title="bbox 353 3359 1818 3437; baseline 0.001 -19"><span class='ocrx_word' id='word_1_259' title='bbox 353 3364 457 3418; x_wconf 80' lang='grc'><strong>655</strong></span> <span class='ocrx_word' id='word_1_260' title='bbox 485 3365 543 3414; x_wconf 88' lang='lat' dir='ltr'><strong>et</strong></span> <span class='ocrx_word' id='word_1_261' title='bbox 565 3359 780 3415; x_wconf 86' lang='lat' dir='ltr'><strong>variare</strong></span> <span class='ocrx_word' id='word_1_262' title='bbox 809 3359 935 3418; x_wconf 84' lang='lat' dir='ltr'><strong>viae</strong></span> <span class='ocrx_word' id='word_1_263' title='bbox 957 3359 1194 3437; x_wconf 85' lang='lat' dir='ltr'><strong>proinde</strong></span> <span class='ocrx_word' id='word_1_264' title='bbox 1218 3378 1286 3418; x_wconf 89' lang='lat' dir='ltr'><strong>ac</strong></span> <span class='ocrx_word' id='word_1_265' title='bbox 1310 3370 1529 3420; x_wconf 85' lang='lat' dir='ltr'><strong>textura</strong></span> <span class='ocrx_word' id='word_1_266' title='bbox 1563 3368 1818 3420; x_wconf 74' lang='lat' dir='ltr'><strong>coercet.</strong></span> 
     </span>
    </p>

    <p class='ocr_par' dir='ltr' id='par_1_14' title="bbox 483 3438 1893 3523">
     <span class='ocr_line' id='line_1_39' title="bbox 483 3438 1893 3523; baseline 0.003 -26"><span class='ocrx_word' id='word_1_267' title='bbox 483 3438 598 3498; x_wconf 85' lang='lat' dir='ltr'><strong>hoc</strong></span> <span class='ocrx_word' id='word_1_268' title='bbox 620 3440 717 3498; x_wconf 89' lang='lat' dir='ltr'><strong>ubi</strong></span> <span class='ocrx_word' id='word_1_269' title='bbox 742 3440 1091 3517; x_wconf 84' lang='lat' dir='ltr'><strong>quod‘suave</strong></span> <span class='ocrx_word' id='word_1_270' title='bbox 1116 3451 1208 3502; x_wconf 89' lang='lat' dir='ltr'><strong>est</strong></span> <span class='ocrx_word' id='word_1_271' title='bbox 1231 3442 1355 3503; x_wconf 87' lang='lat' dir='ltr'><strong>aliis</strong></span> <span class='ocrx_word' id='word_1_272' title='bbox 1377 3444 1502 3504; x_wconf 90' lang='lat' dir='ltr'><strong>aliis</strong></span> <span class='ocrx_word' id='word_1_273' title='bbox 1536 3445 1596 3504; x_wconf 79' lang='lat' dir='ltr'><strong>fit</strong></span> <span class='ocrx_word' id='word_1_274' title='bbox 1613 3462 1856 3503; x_wconf 86' lang='lat' dir='ltr'><strong>amarum</strong></span> <span class='ocrx_word' id='word_1_275' title='bbox 1872 3488 1893 3523; x_wconf 88' lang='lat'>‚</span> 
     </span>
    </p>
   </div>
  </div>
 </body>
</html>
