2409 3825
1202 206 1285 267 Ill

408 375 703 434 innumero
735 392 1004 452 numero,
1036 384 1375 453 certareque
1399 387 1919 456 praeproperanter

415 460 563 519 inter
583 479 650 519 se
677 476 822 537 quae
846 459 1024 537 prima
1044 460 1458 538 potissimaque
1482 460 1824 529 insinuetur;

416 545 466 602 si
490 559 601 601 non
625 542 775 602 forte
798 544 874 602 ita
896 552 1028 603 sunt
1049 544 1352 602 animarum
1373 542 1612 603 foedera
1634 553 1800 621 pacta
1815 589 1833 621 ‚

270 633 392 689 780
414 636 475 686 ut
500 644 643 704 quae
668 628 846 706 prima
869 626 1071 687 volans
1101 626 1395 686 advenerit
1416 627 1732 687 insinuetur

413 711 619 789 prima,
646 727 834 789 neque
858 710 1005 770 inter
1025 729 1091 770 se
1123 709 1464 771 contendant
1484 711 1698 772 viribus
1724 710 1914 770 hilum.

499 792 763 873 Denique
786 796 844 853 in
864 794 1103 855 aethere
1125 811 1239 854 non
1260 793 1430 853 arbor
1444 839 1462 871 ,
1485 811 1599 854 non
1622 812 1872 873 aequore
1898 793 2054 856 salso

417 878 599 938 nubes
624 896 760 938 esse
783 886 1030 957 queunt,
1056 895 1168 938 nec
1190 880 1388 958 pisces
1411 880 1609 938 vivere
1630 880 1688 937 in
1717 880 1866 939 arvis
1882 925 1900 957 ,

417 979 529 1021 nec
553 978 723 1021 cruor
745 962 802 1020 in
823 961 995 1039 lignis
1017 979 1210 1040 neque
1232 963 1385 1022 saxis
1408 979 1582 1022 sucus
1605 963 1816 1023 inesse.

279 1053 396 1108 785
420 1053 638 1106 certum
659 1063 729 1105 ac
753 1045 1149 1124 dispositumst
1169 1046 1266 1105 ubi
1295 1046 1562 1124 quicquid
1586 1057 1810 1107 crescat
1833 1055 1892 1117 et
1915 1048 2061 1107 insit.

415 1131 503 1189 sic
528 1130 690 1189 animi
713 1138 908 1189 natura
932 1131 1129 1208 nequit
1151 1130 1276 1189 sine
1302 1146 1549 1207 corpore
1574 1131 1706 1189 oriri

417 1211 541 1273 sola
560 1230 750 1291 neque
772 1231 805 1272 a
822 1216 1014 1274 nervis
1050 1222 1109 1273 et
1134 1214 1409 1291 sanguine
1431 1211 1681 1290 longiter
1703 1232 1856 1274 esse.

417 1295 529 1357 hoc
552 1299 601 1356 si
622 1306 826 1375 posset
851 1299 998 1357 enim
1015 1342 1033 1374 ‚
1059 1296 1239 1357 multo
1262 1298 1419 1376 prius
1442 1298 1570 1376 ipsa
1591 1299 1754 1356 animi
1772 1298 1860 1356 vis

416 1381 472 1439 in
494 1382 683 1458 capite
705 1390 798 1440 aut
820 1383 1028 1441 umeris
1050 1389 1145 1440 aut
1166 1382 1293 1441 imis
1319 1378 1573 1442 calcibus
1596 1399 1731 1441 esse

281 1472 401 1527 790
428 1473 666 1543 posset,
691 1473 750 1523 et
772 1466 989 1525 innasci
1011 1467 1210 1542 quavis
1233 1466 1288 1524 in
1309 1472 1471 1543 parte
1494 1463 1711 1525 soleret

416 1546 641 1607 tandem
663 1549 720 1607 in
744 1548 949 1609 eodem
970 1547 1196 1608 homine
1220 1557 1390 1626 atque
1413 1550 1468 1607 in
1492 1547 1697 1608 eodem
1726 1565 1862 1608 vase
1885 1565 2132 1624 manere.

419 1630 571 1710 quod
595 1634 858 1710 quoniam
878 1641 1075 1692 nostro
1100 1650 1330 1711 quoque
1360 1640 1583 1691 constat
1607 1648 1853 1711 corpore
1879 1641 2095 1691 certum
2111 1676 2129 1708 ‚

418 1713 869 1795 dispositumque
890 1714 1115 1776 videtur
1135 1715 1233 1775 ubi
1257 1735 1393 1776 esse
1418 1724 1476 1775 et
1502 1732 1772 1775 crescere
1795 1717 1979 1792 possit

418 1815 639 1858 sorsum
658 1801 839 1859 anima
859 1808 1029 1877 atque
1051 1801 1265 1860 animus
1282 1845 1299 1877 ,
1324 1808 1479 1859 tanto
1501 1799 1680 1875 magis
1704 1797 2042 1860 infitiandum

278 1890 395 1948 795
418 1891 591 1944 totum
617 1901 796 1962 posse
818 1892 979 1944 extra
1002 1900 1215 1962 corpus
1240 1883 1442 1943 durare
1465 1884 1732 1963 genique.

421 1985 594 2046 quare
610 2014 628 2045 ,
657 1985 868 2047 corpus
892 1968 988 2028 ubi
1007 1970 1255 2045 interiit,
1280 1969 1526 2046 periisse
1552 1977 1857 2028 necessest

419 2052 726 2112 confiteare
749 2054 981 2112 animam
1004 2051 1330 2112 distractam
1352 2052 1409 2111 in
1434 2068 1678 2131 corpore
1702 2060 1842 2112 toto.

421 2136 635 2214 quippe
658 2138 869 2196 etenim
886 2135 1123 2197 mortale
1145 2144 1380 2196 aeterno
1403 2136 1639 2213 iungere
1669 2144 1728 2195 et
1749 2152 1855 2193 una

421 2222 745 2280 consentire
767 2229 966 2298 putare
990 2229 1051 2279 et
1074 2220 1232 2297 fungi
1255 2226 1444 2278 mutua
1464 2236 1644 2297 posse

272 2312 394 2366 800
416 2301 770 2381 desiperest.
795 2303 928 2389 quid
953 2305 1101 2363 enim
1122 2301 1401 2363 diversius
1425 2321 1560 2364 esse
1581 2301 1938 2381 putandumst

417 2395 511 2445 aut
533 2388 712 2464 magis
732 2388 880 2447 inter
901 2406 966 2447 se
991 2385 1330 2447 disiunctum
1352 2386 1846 2465 discrepitansque
1863 2430 1881 2482 3

418 2487 582 2568 quam
603 2470 840 2530 mortale
862 2470 1015 2549 quod
1036 2480 1127 2531 est
1148 2468 1425 2530 inmortali
1451 2480 1620 2548 atque
1644 2470 1880 2588 perenni

417 2555 668 2613 iunctum
689 2555 744 2612 in
768 2553 1013 2615 concilio
1042 2572 1246 2615 saevas
1267 2552 1515 2614 tolerare
1541 2548 1873 2631 procellas?

418 2637 741 2735 [praeterea
763 2655 1153 2716 quaecumque
1172 2645 1397 2697 manent
1419 2644 1647 2695 aeterna
1668 2642 1970 2694 necessest

276 2730 393 2785 805
418 2729 513 2779 aut
534 2722 666 2799 quia
687 2730 816 2781 sunt
837 2720 1023 2782 solido
1048 2739 1174 2781 cum
1198 2737 1445 2799 corpore
1467 2736 1745 2797 respuere
1767 2719 1917 2777 ictus

416 2822 530 2864 nec
552 2814 855 2882 penetrare
880 2807 993 2883 pati
1018 2806 1127 2866 sibi
1151 2807 1450 2882 quicquam
1474 2803 1627 2882 quod
1650 2810 1819 2882 queat
1842 2809 1990 2860 artas

420 2887 734 2949 dissociare
756 2891 906 2950 intus
928 2890 1103 2969 partis
1124 2897 1185 2947 ut
1209 2889 1461 2948 materiai

417 2969 663 3049 corpora
685 2981 815 3033 sunt
837 2971 1075 3051 quorum
1095 2983 1347 3033 naturam
1369 2970 1719 3032 ostendimus
1741 2978 1871 3029 ante

415 3055 663 3126 antideo
693 3055 894 3117 durare
924 3065 1166 3117 aetatem
1190 3073 1370 3134 posse
1391 3073 1499 3134 per
1526 3071 1750 3114 omnem

272 3148 395 3203 810
416 3138 710 3217 plagarum
731 3142 860 3219 quia
884 3149 1013 3202 sunt
1036 3139 1295 3218 expertia
1325 3141 1473 3199 sicut
1493 3140 1715 3199 inanest

418 3223 573 3301 quod
593 3233 781 3284 manet
803 3226 1070 3285 intactum
1092 3240 1282 3302 neque
1305 3222 1377 3283 ab
1401 3225 1518 3282 ictu
1541 3222 1792 3299 fungitur
1818 3219 1992 3280 hilum

417 3315 513 3367 aut
535 3310 703 3368 etiam
727 3310 858 3387 quia
877 3306 1030 3367 nulla
1052 3307 1167 3366 loci
1198 3308 1272 3367 sit
1282 3308 1462 3384 copia
1484 3308 1697 3365 circum

417 3408 532 3469 quo
558 3393 718 3490 quasi
744 3409 841 3451 res
863 3392 1085 3470 possint
1108 3389 1411 3449 discedere
1435 3387 1786 3465 dissoluique

413 3475 583 3534 sicuti
606 3492 943 3535 summarum
966 3481 1235 3534 summast
1256 3482 1483 3531 aeterna
1502 3489 1689 3548 neque
1713 3476 1891 3606 θκῑιιέ
1910 3542 1940 3576 *
