2409 3825
310 204 433 269 156
1003 169 1010 175 ’
1286 202 1340 261 v

309 382 443 437 1145
479 381 685 452 sponte
711 389 810 433 sua
837 371 1043 432 cecidit
1066 370 1170 430 sub
1194 369 1364 447 leges
1384 379 1616 448 artaque
1642 370 1776 428 iura.

473 458 660 518 acrius
683 475 759 516 ex
784 457 866 514 ira
896 453 1048 534 quod
1078 454 1227 514 enim
1259 473 1324 513 se
1349 455 1591 531 quisque
1615 453 1845 532 parabat

475 540 677 601 ulcisci
703 556 868 618 quam
890 556 1040 598 nunc
1068 546 1464 598 concessumst
1482 536 1710 615 legibus
1731 537 1931 615 aequis
1947 582 1968 614 ‚

478 625 621 685 hanc
645 623 719 683 ob
752 641 875 682 rem
903 632 993 684 est
1014 621 1273 682 homines
1302 630 1628 700 pertaesum
1656 623 1712 679 vi
1738 618 1935 680 colere
1960 637 2199 681 aevom.

476 708 607 768 inde
629 717 816 767 metus
838 704 1080 765 maculat
1102 722 1411 784 poenarum
1435 706 1683 783 praemia
1705 705 1873 764 vitae.

308 803 447 856 1150
480 792 827 852 circumretit
852 791 1001 848 enim
1024 790 1112 849 vis
1138 798 1310 867 atque
1339 789 1537 848 iniuria
1562 806 1846 866 quemque
1865 832 1883 865 ‚

475 885 647 952 atque
675 873 824 933 unde
846 881 1130 950 exortam,
1158 870 1230 931 ad
1254 890 1382 931 eum
1409 870 1747 951 plerumque
1768 872 2043 951 revertit,

478 976 589 1018 nec
605 955 840 1022 ,facilest
862 955 1142 1035 placidam
1163 974 1232 1015 ac
1257 965 1512 1034 pacatam
1536 955 1751 1034 degere
1778 956 1945 1015 vitam

381 1111 385 1115 ⁴
480 1044 575 1121 qui
605 1040 779 1109 violat
808 1041 973 1100 factis
1006 1041 1319 1098 eommunia
1347 1038 1583 1099 foedera
1614 1041 1806 1117 pacis:

478 1127 587 1186 etsi
612 1123 754 1184 fallit
774 1125 923 1185 enim
947 1123 1132 1182 divom
1157 1141 1342 1200 genus
1366 1123 1778 1201 humanumque
1795 1169 1813 1200 ‚

315 1220 451 1271 1155
483 1218 767 1288 perpetuo
796 1217 983 1268 tamen
1004 1207 1063 1267 id
1084 1205 1210 1265 fore
1237 1205 1381 1266 clam
1413 1205 1669 1267 diffidere
1695 1206 1899 1274 debet;

481 1295 695 1372 quippe
717 1292 814 1352 ubi
841 1310 906 1352 se
926 1288 1085 1350 multi
1115 1308 1222 1369 per
1245 1292 1458 1351 somnia
1483 1310 1659 1370 saepe
1688 1290 1997 1370 loquentes

480 1385 573 1436 aut
593 1377 794 1436 morbo
818 1373 1125 1435 delirantes
1148 1383 1418 1452 protraxe
1443 1373 1694 1434 ferantur

481 1471 540 1521 et
571 1459 756 1521 celata
777 1459 1023 1519 malam
1051 1458 1297 1543 medium
1321 1468 1378 1518 et
1402 1467 1641 1537 peccata
1664 1457 1912 1522 dedisse.
1943 1453 1972 1539 ss

564 1542 729 1602 Nunc
753 1560 897 1619 quae
930 1536 1098 1602 eausa
1124 1541 1291 1601 deum
1319 1560 1426 1621 per
1453 1560 1685 1620 magnas
1705 1543 1927 1603 numina
1947 1542 2154 1622 gentis

314 1638 453 1693 1160
480 1627 835 1708 pervulgarit
866 1636 922 1687 et
948 1643 1164 1685 ararum
1191 1625 1567 1702 compleverit
1596 1626 1750 1687 urbis

484 1709 961 1791 suscipiendaque
989 1711 1195 1768 curarit
1221 1708 1516 1772 sollemnia
1540 1729 1702 1770 sacra
1717 1757 1735 1788 ‚

485 1814 632 1875 quae
654 1813 803 1854 nunc
833 1796 887 1852 in
910 1795 1127 1871 magnis
1152 1793 1357 1852 florent
1382 1811 1540 1855 sacra
1570 1794 1729 1854 rebu'
1755 1794 2018 1873 locisque
2033 1839 2056 1873 ‚

484 1879 633 1940 unde
664 1880 830 1941 etiam
852 1895 1001 1937 nunc
1025 1884 1113 1939 est
1135 1876 1468 1938 mortalibus
1497 1879 1698 1939 insitus
1724 1877 1922 1939 horror
1938 1926 1958 1957 ,

485 1965 578 2042 qui
603 1962 837 2023 delubra
867 1960 1036 2022 deum
1062 1977 1209 2021 nova
1235 1970 1356 2023 toto
1385 1965 1618 2024 suscitat
1649 1964 1774 2023 orbi

317 2058 454 2112 1165
485 2056 758 2108 terrarum
792 2056 849 2107 et
872 2046 1036 2106 festis
1060 2047 1218 2123 cogit
1242 2045 1537 2107 celebrare
1565 2047 1767 2107 diebus
1784 2092 1802 2123 ‚

486 2133 691 2191 nonita
716 2130 1003 2190 difficilest
1025 2131 1301 2189 rationem
1323 2129 1566 2190 reddere
1595 2131 1806 2192 verbis.

487 2217 701 2293 quippe
724 2216 932 2274 etenim
955 2215 1061 2274 iam
1081 2223 1197 2273 tum
1224 2212 1409 2272 divom
1433 2213 1689 2275 mortalia
1718 2214 1912 2276 saecla

485 2299 752 2375 egregias
774 2298 958 2356 animo
987 2297 1168 2359 facies
1195 2296 1468 2375 vigilante
1492 2297 1793 2375 videbant,

490 2391 548 2441 et
570 2381 747 2458 magis
770 2382 825 2439 in
849 2382 1059 2442 somnis
1089 2380 1340 2441 mirando
1369 2384 1631 2461 corporis
1650 2392 1836 2442 auctu.

318 2474 457 2530 1170
482 2466 570 2525 his
596 2467 766 2543 igitur
791 2483 1018 2525 sensum
1049 2464 1371 2524 tribuebant
1393 2474 1701 2545 propterea
1727 2465 1877 2543 quod

485 2550 735 2609 membra
763 2565 996 2609 movere
1024 2546 1359 2608 videbantur
1379 2566 1675 2627 vocesque
1699 2550 1981 2627 superbas

486 2636 710 2693 mittere
733 2649 839 2710 pro
869 2631 1018 2692 facie
1041 2631 1336 2710 praeclara
1364 2643 1423 2693 et
1445 2634 1659 2695 viribus
1681 2631 1901 2711 amplis.

484 2727 884 2793 aeternamque
917 2714 1118 2775 dabant
1140 2717 1309 2775 vitam
1328 2718 1507 2795 ‚quia
1530 2735 1759 2796 semper
1781 2734 1977 2777 eorum

320 2850 325 2854 .
490 2800 953 2878 subpeditabatur
980 2799 1160 2861 facies
1190 2808 1250 2858 et
1272 2798 1448 2860 forma
1478 2801 1770 2878 manebat,

323 2892 456 2947 1175
492 2894 551 2944 et
572 2894 759 2944 tamen
783 2886 1009 2943 omnino
1036 2882 1188 2980 quod
1210 2885 1376 2944 tantis
1399 2885 1613 2944 viribus
1636 2894 1836 2945 auctos

373 2990 432 3065 '2²
487 2984 599 3027 non
626 2977 843 3028 temere
866 2966 981 3027 ulla
1009 2968 1065 3025 vi
1090 2968 1350 3029 convinci
1375 2984 1550 3047 posse
1575 2969 1860 3046 putabant.

425 3069 450 3097 τ
445 3052 843 3151 fortunisque
873 3051 1004 3111 ideo
1033 3050 1208 3129 longe
1236 3062 1526 3128 praestare
1551 3052 1852 3130 putabant,

465 3129 642 3213 ῃιιοᾱ
663 3137 858 3195 mortis
881 3137 1047 3195 timor
1074 3134 1207 3198 haut
1237 3153 1574 3213 quemquam
1597 3145 1833 3197 vexaret
1858 3151 2055 3195 eorum
2073 3179 2099 3213 ‚

491 3229 550 3279 et
579 3217 789 3280 simul
772 3238 826 3278 m
851 3220 1060 3280 somnis
1083 3222 1212 3297 quia
1233 3219 1405 3279 multa
1428 3229 1487 3279 et
1508 3221 1645 3280 mira
1669 3219 1934 3279 videbant

326 3310 462 3363 1180
493 3301 731 3361 efficere
762 3312 819 3362 et
844 3302 1056 3361 nullum
1082 3321 1294 3381 capere
1323 3306 1483 3382 ipsos
1511 3302 1642 3363 inde
1672 3301 1945 3364 laborem.

495 3393 793 3463 praeterea
818 3383 962 3444 caeli
992 3386 1241 3448 rationes
1271 3386 1466 3446 ordine
1500 3396 1659 3446 certo

492 3476 550 3526 et
574 3466 726 3526 varia
747 3484 1015 3526 annorum
1042 3469 1352 3530 cernebant
1372 3479 1630 3548 tempora
1651 3468 1829 3546 verti,
