2409 3825
354 169 440 234 64
1172 168 1484 234 CATVLLI
1567 187 1576 192 ·
1979 168 2282 239 [LXXXIII.

480 334 687 418 Mule,
731 333 898 399 nihil
941 333 1158 399 sentis„
1221 333 1277 396 si
1319 332 1523 396 nostri
1568 331 1766 396 oblita
1807 333 2083 412 taceret,

569 418 739 483 Sana
783 423 978 483 esset:
1024 438 1195 482 nunc
1241 417 1412 500 quod
1454 417 1686 501 gannit
1729 418 1795 478 et
1838 415 2239 497 obloquitur,

419 518 453 565 5
482 502 635 569 Non
664 504 869 567 solum
901 502 1222 584 meminit,
1266 500 1376 565 sed
1407 521 1567 583 quae
1596 499 1798 563 multo
1830 500 2041 564 acrior
2067 501 2169 563 est
2193 518 2288 563 res

569 586 824 652 Iratast.
886 585 1032 651 Hoc
1076 591 1207 669 est,
1251 585 1459 649 uritur
1502 587 1567 647 et
1610 583 1922 667 coquitur.

1101 798 1365 871 LXXX
1370 798 1532 872 IIII.

487 921 882 991 Chommoda
926 921 1208 1003 dicebat,
1254 922 1308 985 si
1353 922 1605 1005 quando
1650 920 1984 986 commoda
2027 920 2230 985 vellet

571 1006 827 1088 Dicere,
874 1010 939 1071 et
980 1006 1246 1070 insidias
1294 1006 1518 1070 Arrius
1560 1004 1903 1085 hinsidiaS‚

486 1090 576 1157 Et
615 1094 754 1155 tum
795 1090 1062 1155 mirifice
1107 1090 1407 1174 sperabat
1448 1112 1514 1154 se
1560 1111 1696 1154 esse
1739 1090 2054 1170 locutum,

575 1173 737 1239 Cum
779 1178 1089 1271 quantum
1131 1177 1386 1257 poterat
1427 1173 1670 1237 dixerat
1710 1172 2039 1238 hinsidiaS.

425 1272 458 1321 ὅ
490 1257 727 1343 Cred0‚
775 1280 865 1323 sic
909 1263 1138 1341 mater,
1186 1259 1278 1322 sic
1321 1258 1512 1321 Liber
1555 1258 1900 1332 avonculus
1944 1257 2108 1340 eius,

575 1343 680 1408 Sic
723 1346 1046 1407 maternus
1091 1364 1245 1406 avos
1288 1342 1533 1406 dixerat
1575 1345 1764 1426 atque
1806 1341 1964 1406 avia.

491 1427 635 1492 Hoc
678 1428 874 1492 misso
919 1427 989 1490 in
1033 1426 1282 1509 Syriam
1324 1426 1687 1509 requierant
1741 1426 2036 1490 omnibus
2080 1447 2291 1490 aures:
2363 1455 2364 1458 ¹

575 1510 907 1576 Audibant
949 1510 1167 1575 eadem
1210 1510 1369 1576 haec
1414 1510 1642 1575 leniter
1686 1513 1751 1574 et
1792 1510 2044 1593 leviter,

492 1595 629 1660 Nec
673 1595 795 1659 sibi
835 1596 1097 1679 postilla
1138 1595 1510 1659 metuebant
1552 1595 1706 1659 talia
1746 1594 1966 1677 verba,

399 1693 464 1744 10
578 1679 740 1745 Cum
786 1680 996 1744 subito
1043 1679 1326 1744 adfertur
1365 1680 1629 1744 nuntius
1672 1678 2027 1760 horribilis,

492 1762 711 1827 Ionios
754 1764 1014 1847 fluctus,
1060 1766 1401 1847 postquam
1443 1764 1596 1829 illuc
1641 1764 1865 1827 Arrius
1908 1762 2092 1846 isset,

575 1846 712 1913 Iam
756 1869 889 1913 non
932 1847 1146 1914 Ionios
1191 1870 1357 1934 esse,
1404 1847 1516 1916 sed
1560 1847 1853 1914 Hionios,

1148 2063 1503 2137 LXXXV.

492 2185 617 2251 Odi
659 2187 726 2251 et
768 2207 930 2252 amo.
991 2208 1182 2270 quare
1226 2186 1293 2250 id
1335 2186 1593 2270 faciam,
1638 2187 1910 2250 fortasse
1950 2187 2241 2270 requiriS.

576 2270 839 2353 Nescio,
885 2271 997 2335 sed
1039 2271 1176 2338 fieri
1220 2272 1428 2335 sentio
1473 2276 1539 2336 et
1583 2271 1925 2335 excrucior.

1131 2485 1524 2560 LXXXVI.
2351 2408 2363 2681 j

497 2607 757 2685 Quintia
799 2608 1144 2673 formosast
1182 2609 1402 2673 multis
1416 2658 1435 2691 ,
1483 2609 1642 2673 mihi
1686 2608 1982 2691 candida,
2028 2610 2254 2695 longa,

581 2693 858 2757 Rectast.
917 2693 1076 2757 haec
1121 2714 1241 2778 ego
1289 2693 1381 2757 sic
1426 2693 1680 2778 singula
1722 2694 2062 2778 confiteor,
2357 2740 2360 2773 4

496 2777 731 2841 Totum
773 2775 932 2840 illud
974 2777 1257 2841 formosa
1296 2797 1497 2861 nego:
1551 2798 1703 2841 nam
1746 2778 1923 2841 nulla
1964 2780 2287 2861 venustae,
2350 2854 2360 2862 ,

582 2861 777 2925 Nulla
818 2860 886 2924 in
928 2864 1063 2925 tam
1107 2865 1412 2947 magnost
1453 2882 1717 2946 corpore
1760 2861 1927 2926 mica
1970 2861 2138 2926 salis.

434 2957 465 3007 5
495 2944 728 3009 Lesbia
770 2944 1144 3028 formosast,
1199 2967 1363 3030 quae
1407 2967 1552 3011 cum
1593 2944 2024 3029 pulcherrima
2063 2948 2284 3033 totast,

580 3027 744 3093 Tum
787 3029 1084 3093 omnibus
1127 3051 1256 3093 una
1298 3051 1518 3095 omnes
1563 3029 1869 3113 surripuit
1909 3028 2206 3096 Veneres,

1110 3243 1537 3318 LXXXVII.

493 3352 688 3419 Nulla
729 3363 945 3441 potest
985 3364 1216 3427 mulier
1258 3368 1506 3429 tantum
1552 3387 1619 3430 se
1663 3365 1872 3431 dicere
1917 3370 2188 3434 amatam

577 3435 774 3519 Vere,
821 3449 1131 3524 quantum
1175 3468 1218 3510 a
1256 3469 1360 3511 me
1403 3448 1633 3513 Lesbia
1676 3453 1887 3516 amata
1929 3452 2140 3519 mea’S.
