2409 3825
50 192 269 266 mr]
905 195 1139 252 mmm„
1914 177 2003 259 ‘11

53 355 262 422 Nunc
308 376 454 421 eum
494 355 643 421 volo
690 355 768 421 de
808 358 921 421 tuo
963 360 1163 440 ponte
1204 358 1458 424 mittere
1501 381 1806 445 pronum,

54 439 131 505 Si
179 442 338 525 pote
382 439 686 505 sizolidum
726 443 987 525 repente
1030 442 1304 508 excitare
1346 446 1679 509 veternum

54 523 150 589 Et
199 523 501 608 supinum
546 524 830 590 animum
872 525 942 589 in
983 527 1167 623 gravi
1211 526 1645 611 derelinquere
1674 548 1893 613 caen0,
1936 540 2001 592 25

56 606 370 674 Ferream
413 611 486 673 ut
530 609 769 674 soleam
810 612 1024 674 tenacr
1066 611 1136 675 in
1176 612 1483 696 voragine
1525 612 1721 679 mula.

753 821 1316 898 XVIII—XXI.

240 945 496 1028 Aureli,
539 946 723 1028 passer
763 945 1213 1011 essuriizionum
1225 995 1244 1030 ,

239 1028 395 1094 Non
436 1027 663 1092 harum
705 1028 927 1112 mod0,
973 1028 1085 1093 sed
1129 1032 1286 1114 quot
1327 1033 1437 1096 aut
1477 1031 1735 1097 fuerunt

238 1113 375 1177 Aut
418 1116 568 1176 sunt
609 1116 721 1177 aut
764 1112 908 1177 aliis
953 1115 1139 1177 erunt
1179 1114 1251 1178 in
1293 1115 1478 1178 annis
1489 1164 1508 1199 ,

237 1195 540 1261 Pedicare
585 1198 762 1280 cupis
805 1218 983 1262 meos
1026 1218 1290 1263 amores

237 1279 378 1346 Nec
422 1280 613 1345 clam:
659 1300 810 1345 nam
854 1281 1044 1347 simul
1087 1303 1184 1364 es,
1228 1282 1460 1347 iocaris
1503 1304 1661 1367 una,
1966 1295 2002 1346 5

237 1362 481 1430 Haeres
526 1364 608 1429 ad
650 1364 817 1430 labus
862 1365 1077 1429 omnia
1120 1367 1441 1448 experiris.

238 1447 530 1513 Frustra:
573 1471 724 1513 nam
766 1449 1032 1513 insidias
1076 1448 1237 1511 mihi
1279 1450 1704 1515 instruentem

238 1531 531 1617 Tangam
572 1536 638 1597 te
680 1533 855 1617 prior
897 1532 1345 1597 inrumassione.

237 1618 453 1699 Atque
496 1616 563 1682 id
608 1616 663 1681 si
704 1617 943 1682 faceres
988 1620 1162 1681 satur
1175 1666 1193 1695 ,
1236 1618 1545 1681 tacerem:
1635 1669 1639 1673 .

236 1699 430 1768 Nunc
472 1700 684 1784 ipsum
726 1701 791 1766 id
835 1700 1050 1783 dole0,
1098 1699 1268 1784 quod
1311 1701 1610 1785 essurire,
1933 1714 2004 1763 10

237 1785 299 1848 A
344 1806 445 1848 me
488 1806 620 1867 me,
665 1806 822 1868 puer
865 1787 931 1848 et
972 1784 1149 1848 sitire
1193 1784 1411 1849 discet.

238 1868 447 1946 Quare
490 1868 739 1952 desine,
784 1868 935 1934 dum
978 1868 1129 1934 licet
1170 1867 1435 1953 pudice,

236 1952 341 2020 Ne
383 1953 577 2019 finem
617 1954 843 2038 facias,
888 1953 1000 2018 sed
1041 1953 1414 2018 inrumatus.

915 2166 1145 2242 XXII.

237 2288 535 2355 Suffenus
577 2290 701 2355 iste
711 2339 730 2375 ,
773 2289 945 2355 Vare
956 2339 975 2374 ,
1014 2310 1209 2438 guem
1251 2290 1452 2375 probe
1492 2290 1667 2356 nosti
1677 2338 1700 2373 ,

237 2372 520 2440 Homost'
557 2377 862 2439 venustus
907 2378 973 2440 et
1057 2375 1199 2439 icax
1243 2379 1310 2439 et
1349 2374 1628 2439 urbanus
1643 2422 1664 2459 ,

237 2456 541 2543 Idemque
585 2458 779 2544 longe
866 2458 1129 2523 lurimos
1173 2458 1331 2523 facit
1370 2479 1607 2524 versus.

237 2540 404 2607 Puto
448 2563 586 2607 esse
630 2563 750 2628 ego
794 2542 816 2608 i
868 2542 891 2608 i
931 2542 1110 2607 milia
1153 2545 1266 2607 aut
1308 2542 1528 2607 decem
1566 2545 1680 2607 aut
1719 2541 1906 2626 plura

237 2624 626 2711 Perscripta,
670 2647 792 2692 nec
833 2627 927 2692 sic
968 2629 1042 2692 ut
1082 2626 1157 2690 fit
1196 2625 1269 2690 in
1310 2626 1775 2710 palimpseston
1963 2636 1998 2689 5

236 2708 493 2775 Relata:
540 2710 797 2775 chartae
837 2710 1080 2796 regiae,
1125 2709 1316 2774 novei
1359 2710 1538 2794 libri,

195 2823 200 2827 ·
234 2793 300 2860 N
303 2794 445 2859 ovei
487 2793 802 2878 umbilici,
844 2794 982 2859 lora
1022 2793 1248 2877 rubra,
1291 2794 1663 2859 membrana

235 2877 511 2943 Derecta
550 2878 814 2963 plumbo
826 2928 846 2963 ,
893 2881 958 2944 et
1042 2878 1250 2943 umice
1294 2878 1511 2943 omnia
1552 2881 1840 2963 aequassa.
1882 2881 1887 2887 ’

235 2961 415 3027 Haec
458 2983 604 3027 cum
645 2962 822 3048 legas
863 2965 966 3045 tu,
996 2900 1218 3027 {vellus
1260 2962 1369 3027 ille
1413 2965 1480 3027 et
1518 2963 1800 3028 urbanus

234 3045 533 3112 Suffenus
575 3068 739 3111 unus
784 3046 1216 3132 caprimulgus
1260 3050 1373 3110 aut
1418 3047 1630 3111 fossor
1933 3059 2003 3109 10

235 3128 482 3196 Rursus
525 3130 806 3196 videtur:
848 3133 1100 3196 tantum
1143 3129 1445 3195 abhorret
1485 3152 1560 3195 ac
1601 3132 1826 3195 mutat.

236 3212 382 3279 Hoc
427 3214 578 3312 quid
621 3216 915 3298 putemus
960 3214 1141 3280 esse?
1188 3215 1298 3300 qui
1339 3214 1530 3279 modo
1575 3234 1794 3279 scurra

234 3299 372 3362 Aut
414 3298 622 3382 s1quid
663 3298 787 3364 hac
827 3320 898 3365 re
941 3299 1161 3365 scitius
1204 3298 1568 3383 videbatur,

233 3381 418 3447 Idem
458 3383 802 3449 infacebost
842 3383 1180 3449 infacetior
1219 3404 1394 3466 rure,

232 3465 444 3533 Simul
483 3470 784 3553 poemata
825 3467 1063 3554 attigit,
1105 3488 1312 3551 neque
1354 3466 1525 3531 idem
1564 3485 1867 3549 umquam
1930 3475 1995 3526 15
