2409 3825
657 192 827 242 ην.
923 192 1238 243 uncus.
1286 189 1503 240 18-15.
1921 180 2047 246 109

89 328 397 396 solitum.
469 330 663 413 atque
690 327 817 394 hoc
843 350 979 395 non
1007 327 1316 412 auditum,
1360 327 1472 394 sed
1499 329 1830 415 cognitum
1866 350 2048 414 prae-
2076 344 2108 394 ‘e

98 413 433 479 dicamus:
464 433 666 497 saepe
710 412 883 509 enim
924 416 1190 497 propter
1217 412 1723 480 familiaritatem
1751 413 2049 481 domesti-

97 498 201 562 cis
247 497 442 562 rebus
482 496 930 595 interflmnus..
1074 580 1089 595 ο
1293 581 1308 595 ·
1931 582 1945 596 ·
1961 543 2185 597 W

283 579 495 646 Nemo
550 602 622 645 ιιι
676 602 974 647 convuno
1033 602 1170 646 ems
1224 581 1401 647 ahud
1451 602 1747 649 acroama
1800 582 2047 649 audivit
2072 586 2155 652 14

100 686 312 750 quam
355 667 790 750 anagnosten,
835 664 1011 750 quod
1050 686 1172 731 nos
1217 665 1479 749 quidem
1521 664 2052 733 iucundissimum

103 749 534 815 arbitramur:
576 770 788 835 neque
815 770 1121 834 umquam
1151 748 1290 814 sine
1318 749 1537 848 aliqua
1577 751 1852 817 lectione
1880 750 2054 836 apud

108 852 265 899 eum
310 837 609 900 cenatum
652 837 767 918 est,
811 837 887 899 ut
927 855 1065 899 non
1091 833 1308 900 minus
1349 855 1568 900 ammo
1824 838 2049 901 ventre

107 917 432 983 convivae
461 917 961 984 delectarentur:
1002 939 1282 1002 namque
1313 938 1423 985 eos
1453 938 1615 985 voca
1695 922 1744 1004 t,
1774 939 2050 1004 quorum
2077 934 2111 984 2

108 1022 331 1067 mores
373 1024 414 1066 a
454 1003 588 1067 suis
628 1024 765 1069 non
807 1001 1246 1068 abhorrerent.
1327 1023 1477 1100 Q
1515 1006 1702 1068 tanta
1738 1003 2051 1088 pecuniae
2166 1019 2245 1074 V

106 1085 291 1151 facta
319 1090 486 1152 esset
526 1087 822 1171 accessio,
866 1086 1034 1151 nihil
1063 1086 1140 1150 de
1182 1086 1509 1153 cotidiano
1538 1087 1717 1153 cultu
1755 1088 2052 1172 mutavit,

109 1169 288 1235 nihil
330 1168 408 1235 de
435 1170 607 1236 vitae
636 1170 1118 1254 consuetudine,
1160 1173 1471 1256 tantaque
1521 1192 1676 1237 usus
1704 1175 1804 1238 est
1838 1171 2056 1238 mode-

111 1255 403 1338 ratione,
461 1258 535 1319 ut
574 1276 783 1339 neque
825 1255 898 1321 in
939 1255 1233 1321 sestertio
1289 1256 1515 1339 vicies,
1572 1254 1747 1352 quod
1787 1278 1828 1321 a
1868 1260 2053 1340 patre

112 1342 483 1423 acceperat,
554 1361 784 1424 parum
848 1359 918 1405 se
980 1338 1313 1437 splendide
1375 1343 1646 1423 gesserit
1706 1360 1919 1437 neque
1981 1340 2054 1405 in

45 1500 48 1513 .
110 1423 417 1489 sestertio
461 1424 702 1489 centies
746 1422 1118 1488 affluentius
1146 1422 1400 1506 vixerit,
1487 1444 1636 1488 uam
1663 1422 2052 1507 inst1tuerat‚

45 1516 49 1571 ὲ
111 1507 390 1656 figique
431 1504 695 1597 fastigio
740 1507 990 1573 steterit
1029 1507 1101 1571 in
1142 1511 1415 1590 utraque
1497 1510 1750 1573 ortana.
1834 1507 2050 1574 nullos
2077 1522 2112 1572 3

201 1590 353 1655 buit
402 1590 655 1674 hortos,
721 1591 971 1657 nullam
1021 1591 1457 1657 suburbanam
1508 1594 1623 1657 aut
1661 1591 2053 1658 maritimam

113 1678 568 1759 sumptuosam
609 1676 864 1758 villam,
907 1695 1117 1760 neque
1169 1676 1243 1740 in
1283 1674 1476 1740 Italia
1513 1679 1770 1772 praeter
1809 1677 2054 1742 Arreti·

114 1780 284 1825 num
326 1763 393 1826 et
432 1758 918 1826 Nomentanum
958 1760 1269 1825 rusticum
1309 1758 1643 1843 praedium
1653 1808 1673 1842 ‚
1718 1759 2054 1845 omnisque

56 1850 62 1856 ’
117 1843 260 1909 eius
302 1843 613 1930 pecuniae
656 1843 898 1910 reditus
941 1844 1280 1910 constabat
1328 1844 1400 1908 in
1440 1842 1789 1928 Epiroticis
1844 1847 1911 1912 et
1952 1867 2055 1910 ur-
2126 1855 2131 1861 '

117 1929 312 1995 banis
353 1929 885 2013 possessionibus.
972 1949 1051 1993 ex
1093 1950 1223 2012 quo
1268 1928 1570 2015 cognosci
1610 1932 1827 2013 potest
1866 1950 2055 1996 usum

119 2034 272 2163 eulrin
245 2013 624 2162 1ςὶλῑιιῑιιιειιιιιίεκι
664 2035 803 2088 non
843 2012 1320 2100 magnitudine,
1376 2012 1491 2078 sed
1539 2013 1793 2079 ratione
1839 2014 2055 2080 metiri

117 2118 195 2163 so
388 2147 405 2164 .
1259 2121 1263 2124 ·

47 2259 52 2266 k
291 2180 702 2249 Mendacium
751 2203 964 2268 neque
1023 2181 1280 2249 dicebat
1327 2202 1539 2266 neque
1587 2181 1729 2267 pati
1778 2185 2052 2267 poterat.
2074 2183 2156 2250 15

118 2265 342 2349 itaque
399 2266 537 2334 eius
579 2266 849 2334 comitas
903 2286 1041 2332 non
1081 2267 1222 2332 sine
1274 2267 1613 2333 severitate
1667 2271 1806 2331 erat
1893 2287 2055 2351 eque

47 2383 50 2428 ;
119 2349 409 2436 gravitas
464 2351 603 2418 sinc
645 2350 989 2434 facilitate,
1052 2354 1129 2416 ut
1169 2349 1430 2417 difficile
1484 2355 1651 2417 esset
1701 2351 1837 2422 inte
1890 2355 2055 2434 ectu,

47 2435 48 2440 ’
120 2438 344 2501 utrum
406 2456 557 2501 eum
620 2434 811 2501 amici
880 2434 1088 2531 magis
1156 2438 1533 2500 vererentur
1591 2456 1677 2500 an
1745 2440 2054 2501 amarent.

122 2517 441 2670 fflffid
479 2541 515 2584 ¹
601 2517 1891 2688 “igffi’assssifflssffmffffiffoe'sst’qssssid
1919 2540 2058 2668 ¹30¹}

123 2691 297 2786 stare
336 2651 476 2754 no’n
529 2691 767 2773 posset.
852 2685 1026 2751 idem
1065 2686 1139 2752 in
1177 2686 1451 2770 tuendo,
1495 2686 1670 2771 quod
1709 2705 1882 2753 seme
1949 2686 2055 2752 ad-
2081 2701 2117 2751 2

126 2775 621 2923 amm
642 2774 1281 2954 {grsssseffmss'usssslffl
1298 2770 2059 2954 ssfflffifflffi

51 3003 52 3008 ,
126 2945 494 3026 pertaesum
535 2944 662 3007 est:
715 2960 897 3008 suam
951 2960 1126 3006 emm
1168 2942 1708 3006 enstimatlonem
1749 2961 1822 3006 ιιι
1869 2962 1948 3006 ea
1987 2962 2058 3006 re

127 3026 238 3111 agi
276 3023 578 3109 putabat,
633 3045 764 3110 qua
814 3023 984 3089 nihil
1041 3023 1323 3090 habebat
1362 3024 1589 3091 carius.
1719 3045 1807 3090 uo
1858 3024 2057 3090 fiebat
2083 3037 2116 3086 3

127 3114 205 3176 ut
264 3108 485 3176 omnia
552 3108 967 3192 Ciceronum,
1036 3106 1126 3174 M.
1193 3107 1490 3193 Catonis,
1562 3105 1639 3184 Q.
1771 3109 2057 3191 ortensii,

130 3197 211 3261 A.
266 3192 609 3278 Torquati,
651 3192 1004 3260 multorum
1043 3197 1376 3278 praeterea
1417 3192 1709 3291 equitum
1733 3190 2059 3259 Romano-

132 3299 274 3346 rum
335 3277 603 3364 negotia
663 3281 1054 3363 procuraret.
1150 3298 1232 3342 ex
1284 3297 1414 3361 quo
1476 3276 1746 3342 ludicari
1802 3281 2060 3362 poterat

131 3384 268 3514 notrir
308 3362 572 3447 inertia,
626 3361 741 3429 sed
780 3360 1020 3429 iudicio
1061 3361 1306 3448 fugisse
1357 3360 1454 3427 rei
1493 3360 1789 3445 publicae
1829 3381 2058 3447 procu·

131 3469 205 3515 ra
256 3468 463 3517 onem.
