2409 3825
151 96 226 143 τι

670 207 868 255 xvm.
941 207 1283 257 nonanes.
1326 204 1507 256 5-⁷.·
1955 193 2040 259 75

76 340 406 409 mirabile
471 345 569 407 est
629 343 865 427 visum,
942 348 1017 408 ut
1079 364 1280 427 aeque
1343 345 1629 408 iumenta
1690 344 1896 409 nitida
1960 365 2039 409 ex

77 425 376 491 castello
408 425 719 510 educeret,
761 449 910 521 Qm
940 428 1299 512 complures
1327 449 1576 493 menses
1606 429 1677 492 in
1706 428 2037 494 obsidione

74 512 358 594 fuisset,
402 531 476 574 ac
519 512 574 576 si
619 511 688 576 in
731 512 1189 595 campestribus
1235 533 1311 576 ea
1351 512 1509 577 locis
1548 512 1892 577 habuisset.
1964 513 2037 577 in
2064 524 2094 573 ‘1

74 595 218 660 hac
269 593 689 660 conclusione
702 645 721 678 ,
766 596 1338 681 quqfignscumque
1381 597 1617 679 voluit,
1662 599 2041 680 apparatum

77 683 153 744 et
203 678 615 744 munitiones
660 680 978 765 Antigoni
1022 680 1179 745 alias
1223 681 1527 763 incendit,
1572 679 1730 744 alias
1773 680 2038 744 disiecit.

73 763 322 828 tenuit
363 767 577 828 autem
617 784 686 828 se
719 784 852 828 uno
892 764 1056 847 loco,
1101 764 1407 848 quamdiu
1433 764 1639 829 hiems
1677 763 1824 847 fuit,
1868 762 2042 847 quod

76 851 317 913 eastra
361 847 479 911 sub
524 846 672 912 divo
716 848 952 912 habere
994 869 1130 912 non
1171 851 1444 932 poterat.
1532 869 1646 913 ver
1698 849 2042 945 appropin-

77 930 380 1016 quabat:
445 931 745 996 simulata
794 931 1117 997 deditione
1131 980 1149 1015 ‚
1221 932 1371 996 dum
1426 933 1503 997 de
1558 932 2040 997 condicionibus

75 1017 372 1099 tractat,
426 1014 770 1098 praefectis
807 1015 1135 1101 Antigoni
1175 1016 1485 1099 imposuit
1536 1037 1730 1101 seque
1773 1037 1848 1081 ac
1889 1036 2041 1081 suos

77 1119 334 1166 omnes
377 1100 652 1164 extraxit
692 1100 1062 1165 incolumes,

277 1181 387 1246 Ad
416 1184 587 1248 hunc
619 1182 968 1268 Olympias,
1011 1187 1217 1249 mater
1245 1205 1407 1269 quae
1433 1184 1647 1250 fuerat
1673 1184 2041 1267 Alexandri,
2071 1183 2113 1248 6

78 1288 268 1351 Q
314 1266 563 1332 litteras
621 1270 687 1331 et
747 1268 1012 1333 nuntios
1067 1269 1347 1333 misisset
1397 1270 1465 1334 in
1525 1270 1748 1334 Asiam
1789 1269 2040 1334 consul·
2188 1264 2331 1309 ”s

78 1358 243 1418 tum
256 1399 277 1433 ,
347 1354 563 1417 utrum
625 1371 897 1436 regnum
940 1353 1286 1436 repetitum
1337 1353 1409 1417 in
1451 1352 1892 1417 Macedoniam
1936 1373 2040 1416 ve·

79 1437 283 1501 niret
326 1435 505 1518 (nam
546 1438 687 1499 tum
729 1437 800 1500 in
827 1435 1028 1519 Epiro
1059 1436 1417 1523 habitabat)
1461 1440 1528 1502 et
1569 1457 1674 1501 eas
1717 1457 1819 1500 res
1857 1456 2039 1501 occu·

77 1522 328 1605 paret,
386 1518 537 1584 huic
589 1519 699 1584 ille
797 1521 1030 1585 rimum
1083 1520 1312 1603 suasit,
1373 1541 1456 1585 ne
1512 1541 1580 1585 se
1632 1524 1922 1584 moveret
1973 1523 2040 1585 et
2064 1532 2097 1581 2

82 1606 529 1687 exspectaret,
574 1625 703 1688 qno
827 1604 1180 1670 Alexandri
1222 1604 1392 1669 filius
1434 1624 1706 1689 regnum
1735 1603 2040 1687 adipisce-

79 1693 318 1754 retur:
366 1688 470 1752 sin
497 1687 713 1772 aliqua
740 1687 1087 1772 cupiditate
1117 1692 1447 1772 raperetur
1479 1689 1550 1753 in
1576 1687 2036 1771 Macedoniam,

84 1772 599 1840 oblivisceretur
661 1774 951 1837 omnium
1013 1773 1395 1837 iniuriarum
1459 1776 1524 1837 et
1584 1773 1655 1837 in
1715 1772 2039 1836 neminem

86 1856 438 1924 acerbiore
502 1860 788 1922 uteretur
837 1857 1128 1942 imperi0.
1216 1857 1448 1923 horum
1489 1856 1603 1922 illa
1641 1856 1808 1922 nihil
1851 1856 2035 1921 fecit:
2065 1868 2097 1919 3

82 1963 262 2008 nam
321 1944 388 2005 et
427 1941 499 2006 in
540 1939 979 2006 Macedoniam
1024 1941 1315 2026 profecta
1356 1945 1454 2006 est
1502 1946 1567 2006 et
1607 1942 1700 2005 ibi
1742 1940 2039 2006 crudelis-

86 2027 267 2092 sime
314 2045 382 2088 se
427 2026 642 2110 gessit.
714 2026 904 2109 petiit
947 2030 1161 2090 autem
1203 2027 1285 2090 ab
1312 2024 1602 2090 Eumene
1630 2026 1912 2107 absente,
1955 2045 2038 2091 ne
2192 2095 2197 2110 ,

86 2112 440 2195 pateretur
480 2108 768 2194 Philippi
822 2110 1047 2175 domus
1101 2132 1176 2175 ac
1228 2109 1511 2174 familiae
1565 2110 2039 2174 inimicissimos
2121 2150 2151 2208 Χ
2178 2113 2195 2200 ,³

31 2279 32 2282 Ἴ
88 2195 380 2276 stirpem
440 2214 695 2277 quoque
756 2193 1121 2258 interimere
1134 2242 1152 2277 ‚
1205 2194 1528 2279 ferretque
1583 2216 1772 2277 opem
1821 2193 2039 2258 liberis
2152 2220 2185 2292 χ

89 2276 481 2344 Alexandri.
583 2298 776 2361 quam
831 2278 1085 2360 veniam,
1133 2278 1190 2343 si
1244 2277 1450 2359 daret,
1519 2299 1708 2362 quam
1756 2278 2036 2362 primum
2064 2288 2100 2337 4

92 2361 428 2429 exercitus
481 2366 766 2444 pararet,
822 2383 983 2446 quos
1026 2363 1151 2427 sibi
1192 2363 1474 2428 subsidio
1530 2361 1885 2427 adduceret.
1973 2361 2040 2425 id
2152 2357 2159 2394 Γ
2224 2365 2231 2376 “

92 2468 239 2532 quo
283 2443 537 2510 facilius
591 2445 860 2529 faceret,
914 2467 982 2510 se
1027 2446 1326 2511 omnibus
1376 2446 1745 2529 praefectis,
1803 2446 1916 2529 qui
1968 2446 2039 2509 in
2142 2451 2153 2530 J

94 2530 332 2597 officio
398 2530 774 2612 manebant,
840 2529 1088 2594 misisse
1149 2530 1428 2611 litteras,
1488 2533 1564 2593 ut
1625 2530 1686 2593 ei
1739 2531 2042 2612 parerent

94 2615 377 2763 3323?
391 2613 1124 2762 s‘ssffissffiffuffioeffl‘e
1168 2612 2039 2779 ffissssslusseffiZUssffi
2066 2624 2099 2674 ⁶

847 2747 865 2780 7
1757 2746 1776 2778 9

99 2786 274 2881 bene
351 2781 596 2846 meritis
668 2781 1053 2846 referentem
1117 2780 1388 2867 gratiam
1456 2801 1650 2865 quam
1711 2780 2040 2865 ingratum

96 2887 345 2932 Vivere.

277 2949 508 3033 Itaque
549 2951 768 3034 copias
810 2950 1161 3034 contraxit,
1207 2949 1450 3014 bellum
1504 2948 1805 3014 adversus
1853 2951 2042 3013 Anti·
2071 2951 2108 3013 7

95 3055 357 3121 gonum
386 3055 527 3098 com
575 3034 799 3099 aravit.
871 3034 1044 3119 quod
1071 3056 1203 3099 una
1234 3037 1418 3099 erant
1445 3032 1826 3099 Macedones
1871 3055 2040 3099 com-

143 3119 327 3183 lures
367 3119 520 3183 nob'
552 3140 617 3183 es
633 3168 651 3201 ,
696 3119 767 3183 in
808 3118 888 3182 iis
930 3118 1298 3200 Peucestes,
1342 3118 1456 3202 qui
1497 3118 1783 3201 corporis
1827 3121 2040 3183 custos

127 3205 324 3267 uerat
348 3201 720 3286 Alexandri,
764 3206 904 3266 tum
938 3205 1154 3268 autem
1198 3201 1533 3266 obtinebat
1571 3199 1929 3285 Persidem,
1975 3206 2044 3267 et

99 3286 489 3372 AntigeneS,
542 3286 720 3350 cuius
765 3288 882 3351 sub
925 3286 1196 3370 imperio
1242 3285 1526 3369 phalanx
1569 3289 1708 3349 erat
1747 3284 2041 3352 Macedo·
2097 3339 2105 3347 .

98 3393 293 3453 num,
359 3370 670 3434 invidiam
730 3391 955 3435 verens
1046 3391 1240 3452 quam
1280 3374 1497 3433 tamen
1562 3369 1840 3452 effugere
1902 3388 2041 3433 non

97 3454 342 3540 potuit,
387 3449 443 3520 si
485 3455 701 3538 potius
744 3455 882 3537 ipse
926 3419 1289 3538 aiienigena
1317 3452 1544 3516 summi
1593 3452 1846 3535 imperii
1872 3450 2039 3534 poti·
