2409 3825
472 339 637 417 copia
660 336 977 397 nimborum
1000 338 1162 398 turba
1182 339 1395 398 maiore
1421 346 1622 397 coacta

2390 381 2394 414 1

465 430 667 500 urget,
702 420 772 479 de
797 437 1009 499 supero
1032 423 1276 501 premit,
1297 440 1367 481 ac
1385 421 1522 482 facit
1545 419 1787 482 effluere
1809 422 2027 486 imbris.
2353 459 2359 464 ·
2390 417 2394 456 ³

465 514 763 585 praeterea
788 521 915 564 eum
936 514 1234 566 rarescunt
1258 522 1488 584 quoque
1513 502 1705 564 nubila
1726 507 1913 567 ventis
2392 515 2394 524 '

464 598 558 649 aut
587 587 1006 666 dissolvuntur,
1037 587 1179 650 solis
1205 605 1384 667 super
1402 590 1517 649 icta
1546 588 1774 667 calore,

341 684 441 735 515
471 675 694 733 mittunt
716 688 970 731 umorem
992 672 1276 751 pluvium,
1309 670 1637 751 stillantque
1655 717 1673 750 ,
1706 675 1865 751 quasi
1895 675 2017 753 igni
2390 655 2394 692 ¹

467 773 600 817 cera
624 773 800 834 super
821 753 1007 815 calido
1029 755 1337 817 tabescens
1361 755 1534 816 multa
1556 756 1856 834 liquescat.

464 839 570 900 sed
593 856 829 898 vemens
852 838 1035 899 imber
1057 841 1150 917 fit,
1181 840 1280 900 ubi
1305 849 1605 900 vementer
1631 849 1869 918 utraque

466 922 656 983 nubila
677 923 732 980 vi
758 921 1036 983 cumulata
1057 932 1391 1001 premuntur
1415 933 1473 983 et
1490 924 1705 1002 impete
1728 926 1902 984 venti.

466 1015 520 1066 at
542 1022 837 1065 remanere
860 1004 953 1065 diu
976 1005 1203 1084 pluviae
1229 1005 1578 1085 longumque
1601 1009 1806 1067 morari

336 1099 438 1151 520
470 1096 846 1166 consuerunt,
870 1088 1162 1151 ubimulta
1187 1092 1409 1151 cientur
1429 1092 1642 1150 semina
1664 1109 1927 1169 aquarum
1945 1137 1965 1172 ,

462 1182 637 1250 atque
664 1171 789 1232 aliis
817 1170 962 1232 aliae
988 1174 1171 1234 nubes
1193 1174 1483 1252 nimbique
1504 1175 1757 1251 rigantes
1862 1238 1875 1247 ,

463 1258 698 1335 insuper
715 1264 885 1334 atque
909 1258 1058 1316 omni
1079 1257 1257 1335 vulgo
1282 1257 1353 1317 de
1375 1266 1537 1337 parte
1563 1257 1851 1336 feruntur,

462 1350 728 1418 terraque
756 1357 883 1399 cum
904 1339 1123 1401 fumans
1149 1359 1404 1401 umorem
1425 1349 1543 1401 tota
1565 1339 1836 1402 redbalat.

463 1423 558 1484 hic
583 1423 679 1482 ubi
703 1423 793 1483 sol
814 1422 985 1484 radiis
1003 1469 1020 1500 ‚
1046 1433 1448 1503 tempestatem
1467 1426 1615 1484 inter
1635 1441 1870 1504 opacam
1887 1473 1905 1505 ‚

337 1517 437 1568 525
467 1507 705 1567 adversa
729 1505 886 1567 fulsit
907 1507 1225 1567 nimborum
1244 1510 1547 1587 aspargine
1576 1518 1770 1569 eontra
1786 1554 1805 1586 ,

464 1602 583 1651 tum
609 1589 771 1651 color
793 1592 849 1650 in
877 1592 1054 1669 nigris
1079 1592 1274 1651 existit
1295 1593 1538 1651 nubibus
1560 1594 1737 1670 arqui.

547 1673 755 1735 Cetera
785 1692 930 1752 quae
955 1692 1217 1735 seorsum
1243 1685 1511 1735 crescunt
1534 1692 1910 1755 seorsumque
1937 1688 2244 1758 creantur,

463 1769 520 1819 et
544 1776 689 1836 quae
717 1768 1097 1819 concrescunt
1118 1761 1173 1817 in
1196 1759 1440 1819 nubibus
1456 1804 1475 1836 ,
1501 1761 1682 1818 omnia
1699 1805 1717 1837 ‚
1742 1777 2005 1838 prorsum

467 1843 649 1901 omnia
666 1887 683 1919 ‚
708 1843 838 1919 nix,
861 1844 1050 1921 venti,
1079 1841 1295 1921 grando
1313 1889 1331 1921 ,
1357 1842 1700 1922 gelidaeque
1721 1846 1954 1923 pruinae
1972 1891 1990 1924 ‚

336 1935 440 1987 530
469 1936 527 1985 et
549 1927 637 1986 vis
659 1943 860 2003 magna
881 1925 1034 2004 geli,
1058 1945 1321 2004 magnum
1345 1929 1609 1987 duramen
1632 1945 1900 2006 aquarum
1916 1975 1934 2007 ‚

464 2018 522 2069 et
544 2026 699 2069 mora
723 2027 869 2087 quae
893 2009 1096 2071 fluvios
1121 2012 1333 2090 passim
1355 2011 1604 2072 refrenat
1630 2014 1816 2072 euntis
1833 2058 1851 2089 ‚

462 2092 798 2172 perfacilest
829 2102 1015 2154 tamen
1036 2093 1182 2155 haec
1203 2097 1465 2173 reperire
1494 2096 1793 2173 animoque
1818 2095 2015 2156 videre

466 2178 647 2236 omnia
672 2195 785 2255 quo
817 2187 991 2256 pacto
1015 2179 1145 2239 fiant
1168 2196 1420 2257 quareve
1444 2188 1743 2255 creentur,

468 2279 592 2319 cum
620 2260 768 2320 bene
796 2263 1065 2338 cognoris
1096 2261 1398 2322 elementis
1420 2261 1640 2322 reddita
1662 2280 1808 2340 quae
1834 2264 1962 2323 sint.

337 2351 438 2404 535
549 2342 712 2403 Nunc
737 2361 846 2421 age
865 2391 882 2421 ‚
908 2362 1053 2422 quae
1075 2347 1219 2405 ratio
1240 2347 1414 2406 terrai
1437 2345 1684 2406 motibus
1706 2355 1865 2406 extet

466 2429 725 2504 percipe.
751 2437 810 2488 et
831 2429 886 2486 in
911 2430 1104 2506 primis
1127 2439 1336 2489 terram
1357 2430 1449 2489 fac
1473 2438 1533 2489 ut
1556 2448 1691 2489 esse
1715 2430 1894 2489 rearis

463 2520 666 2589 supter
684 2512 819 2571 item
844 2521 904 2571 ut
927 2529 1136 2589 supera
1158 2515 1417 2574 ventosis
1436 2512 1683 2590 undique
1705 2511 1931 2591 plenam

465 2592 759 2671 speluncis
777 2640 794 2671 ‚
819 2594 1143 2675 multosque
1166 2595 1327 2657 lacus
1349 2596 1668 2675 multasque
1691 2595 1927 2656 lucunas

464 2680 519 2737 in
549 2680 767 2755 gremio
796 2696 1004 2757 gerere
1028 2688 1086 2739 et
1107 2698 1284 2759 rupes
1314 2681 1668 2759 deruptaque
1692 2698 1856 2740 saxa:

338 2770 442 2823 540
470 2761 757 2841 multaque
781 2762 887 2822 sub
920 2772 1087 2840 tergo
1113 2765 1285 2824 terrai
1308 2764 1531 2831 flumina
1552 2773 1706 2824 tecta

466 2845 704 2905 volvere
726 2848 783 2904 vi
803 2845 1014 2914 fluctus
1040 2865 1466 2926 summersaque
1495 2864 1629 2908 saxa
1650 2846 2046 2924 putandumstt

471 2928 716 3008 undique
740 2932 886 2990 enim
911 2928 1152 2991 similem
1174 2950 1311 2991 esse
1336 2933 1421 2991 sui
1451 2950 1547 2992 res
1573 2930 1823 3009 postulat
1844 2932 1988 3009 ipsa.

465 3012 552 3073 his
578 3015 748 3091 igitur
767 3014 940 3076 rebus
964 3014 1279 3077 subiunctis
1302 3017 1731 3094 suppositisque

466 3107 615 3157 terra
638 3115 886 3176 superne
908 3100 1095 3159 tremit
1117 3100 1334 3175 magnis
1359 3113 1638 3160 concussa
1659 3100 1835 3160 ruinis
1849 3143 1866 3174 ,

336 3188 440 3241 545
473 3181 671 3241 subter
691 3182 788 3241 ubi
810 3183 1056 3259 ingentis
1080 3180 1389 3260 speluncas
1414 3182 1632 3243 subruit
1653 3192 1840 3242 aetas:

465 3266 685 3342 quippe
709 3264 914 3326 cadunt
935 3267 1039 3325 toti
1060 3275 1282 3325 montes
1300 3310 1318 3342 ‚
1342 3283 1664 3343 magnoque
1691 3273 1931 3344 repente

468 3363 758 3406 concussu
779 3347 892 3407 late
917 3347 1241 3427 disserpunt
1261 3348 1391 3408 inde
1413 3358 1711 3409 tremores,

469 3438 528 3488 et
546 3431 753 3489 'merito
768 3474 787 3506 ,
818 3432 1077 3506 quoniam
1100 3430 1338 3509 plaustri
1361 3449 1642 3492 concussa
1663 3439 2016 3491 tremescun*
