2409 3825
1141 155 1193 213 V

339 339 418 382 ex
437 320 653 382 infinito
677 321 785 380 iam
812 329 1072 400 tempore
1102 323 1321 400 percita
1343 321 1528 401 plagis

337 404 805 484 ponderibusque
827 405 946 465 suis
976 413 1320 465 consuerunt
1344 407 1568 466 concita
1592 405 1727 467 ferri

212 498 315 551 425
339 486 788 566 omnimodisque
816 489 972 548 coire
994 497 1163 565 atque
1190 488 1372 547 omnia
1393 498 1774 568 pertemptare
1791 535 1810 567 ‚

340 589 733 649 quaecumque
755 571 902 631 inter
923 591 989 632 se
1017 580 1256 650 possent
1279 589 1593 650 cong-ressa
1624 590 1819 641 creare
1838 618 1857 652 ‚

339 663 648 734 propterea
670 654 730 713 fit
754 655 834 714 uti
855 672 1116 732 mag-num
1143 652 1373 732 volgata
1396 674 1502 734 per
1529 674 1729 716 aevom

342 755 508 798 omne
528 756 710 816 genus
741 747 941 798 coetus
970 748 1028 798 et
1048 747 1233 799 motus
1263 738 1612 818 experiundo

338 820 565 881 tandem
588 821 923 882 conveniant
946 840 1014 881 ea
1039 840 1184 901 quae
1210 831 1489 883 convecta
1508 833 1750 901 repente

207 914 316 969 430
339 921 663 982 magnarum
682 923 871 965 rerum
894 906 1029 965 fiunt
1051 905 1283 964 exordia
1312 924 1542 985 semper
1557 952 1574 983 ‚

340 989 511 1048 terrai
530 990 697 1049 maris
722 997 781 1048 et
810 988 954 1048 caeli
983 989 1331 1067 generisque
1360 991 1712 1061 animantum..

424 1070 531 1132 Hic
551 1090 739 1151 neque
765 1082 882 1133 tum
901 1071 1042 1132 solis
1063 1081 1187 1132 rota
1215 1074 1370 1131 cerni
1396 1071 1604 1132 lumine
1633 1073 1794 1152 largo

340 1154 640 1215 altivolans
661 1165 882 1234 poterat
903 1175 1015 1216 nec
1034 1157 1221 1233 magni
1246 1155 1432 1215 sidera
1452 1157 1639 1217 mundi

337 1257 450 1299 nec
471 1256 623 1298 mare
644 1256 753 1298 nec
778 1237 996 1299 caelum
1018 1257 1127 1299 nec
1159 1239 1406 1317 denique
1430 1248 1580 1299 terra
1598 1260 1785 1320 neque
1810 1249 1912 1302 aer

206 1332 313 1387 435
336 1341 448 1382 nec
476 1320 671 1383 similis
694 1323 902 1382 nostris
924 1322 1097 1382 rebus
1119 1340 1215 1383 res
1244 1321 1358 1381 ulla
1378 1322 1592 1400 videri,

340 1406 446 1467 sed
466 1422 612 1465 nova
631 1415 941 1483 tempestas
968 1405 1241 1484 quaedam
1268 1406 1566 1485 molesque
1594 1417 1791 1469 coorta

341 1506 507 1549 omne
534 1507 715 1566 genus
740 1489 811 1548 de
835 1491 1127 1568 principiis
1148 1535 1165 1566 ,
1191 1490 1473 1550 discordia
1497 1509 1731 1569 quorum

337 1570 633 1633 intervalla
652 1572 774 1632 vias
799 1590 1054 1632 conexus
1080 1573 1332 1652 pondera
1355 1572 1555 1652 plagas

339 1673 653 1716 concursus
676 1664 860 1716 motus
889 1655 1148 1716 turbabat
1171 1655 1389 1735 proelia
1410 1659 1657 1716 miscens
1676 1702 1694 1734 ‚

203 1748 315 1802 440
335 1748 576 1818 propter
598 1737 882 1800 dissimilis
905 1740 1114 1800 formas
1137 1741 1439 1818 variasque
1461 1739 1667 1816 figuras

339 1821 492 1900 quod
516 1839 629 1882 non
653 1823 833 1881 omnia
854 1823 940 1882 sic
963 1832 1224 1902 poterant
1251 1824 1549 1884 coniuncta
1571 1841 1798 1884 manere

334 1925 447 1966 nec
468 1914 652 1967 motus
671 1907 820 1968 inter
842 1925 978 1967 sese
1001 1906 1135 1968 dare
1160 1908 1568 1968 convenientis.

337 1989 616 2067 diffugere
636 1988 766 2049 inde
789 1990 904 2050 loci
927 2000 1117 2069 partes
1148 2009 1401 2070 coepere
1419 2036 1437 2067 ,
1461 2009 1745 2071 paresque

337 2091 466 2132 cum
489 2072 716 2151 paribus
741 2074 896 2152 iungi
918 2092 1014 2136 res
1040 2084 1097 2134 et
1127 2074 1452 2134 discludere
1473 2075 1732 2134 mundum

204 2165 310 2218 445
333 2155 698 2235 membraque
723 2156 977 2217 dividere
999 2168 1057 2218 et
1081 2175 1312 2236 magnas
1337 2158 1644 2237 disponere
1661 2169 1851 2237 partes
1868 2206 1886 2238 ,

334 2239 450 2300 hoc
473 2249 598 2317 est,
621 2258 654 2300 a
674 2242 842 2301 terris
871 2240 1043 2302 altum
1066 2260 1375 2302 secernere
1407 2241 1623 2301 caelum
1641 2288 1658 2319 ‚

336 2332 397 2383 et
418 2339 641 2384 sorsum
666 2342 820 2384 mare
841 2327 921 2384 uti
943 2334 1175 2385 secreto
1198 2343 1394 2385 umore
1417 2334 1672 2403 pateret,
1704 2373 1711 2377 ,

334 2423 574 2468 seorsus
597 2407 732 2467 item
759 2408 885 2486 puri
909 2410 1237 2488 secretique
1265 2408 1511 2470 aetheris
1535 2412 1720 2486 ignes,

422 2489 649 2569 Quippe
673 2492 881 2550 etenim
901 2493 1137 2571 primum
1159 2494 1329 2553 terrai
1354 2507 1593 2571 corpora
1616 2510 1909 2572 quaeque,

203 2582 311 2637 450
338 2583 651 2653 propterea
674 2574 825 2652 quod
853 2577 1012 2634 erant
1032 2577 1225 2653 gravia
1255 2585 1312 2635 et
1336 2575 1645 2654 perplexa,
1672 2577 1898 2635 coibant

332 2659 393 2716 in
412 2656 601 2717 medio
625 2667 794 2735 atque
817 2659 954 2718 imas
978 2659 1276 2738 capiebant
1300 2660 1481 2717 omnia
1498 2658 1707 2726 'sedes;

338 2758 485 2818 quae
510 2750 720 2819 quanto
739 2742 920 2817 magis
944 2743 1091 2801 inter
1110 2761 1176 2802 se
1198 2740 1478 2821 perplexa
1500 2741 1761 2819 coibant,
1785 2738 1787 2742 ’

334 2834 449 2883 tam
470 2824 650 2900 magis
676 2842 1023 2902 expressere
1049 2844 1115 2885 ea
1142 2842 1288 2901 quae
1309 2842 1461 2884 mare
1485 2824 1671 2885 sidera
1693 2824 1875 2885 solem

334 2905 639 2985 lunamque
666 2907 966 2967 efficerent
989 2918 1049 2968 et
1075 2909 1261 2985 magni
1289 2909 1510 2968 moenia
1531 2908 1719 2968 mundi
1734 2920 1771 2969 ε’

199 2999 305 3053 455
335 2990 521 3049 omnia
545 2991 694 3050 enim
714 2992 895 3068 magis
916 2992 1060 3051 haec
1086 3009 1118 3050 e
1142 2990 1366 3052 levibus
1390 3000 1560 3071 atque
1581 2991 1835 3052 rutundis
1910 3061 1915 3066 ,

332 3073 644 3135 seminibus
664 3073 957 3153 multoque
985 3074 1278 3134 minoribu’
1300 3084 1429 3135 sunt
1453 3074 1750 3136 elementis

334 3174 502 3235 quam
524 3156 717 3218 tellus.
742 3157 875 3218 ideo
892 3204 910 3235 ,
934 3176 1041 3237 per
1061 3176 1187 3217 rara
1208 3158 1478 3218 foramina
1492 3204 1509 3235 ‚
1534 3168 1721 3219 terrae

330 3240 589 3321 partibus
624 3259 928 3321 erumpens
950 3244 1164 3321 primus
1187 3260 1254 3302 se
1279 3241 1506 3302 sustulit
1528 3243 1727 3302 aether

328 3324 542 3401 ignifer
564 3335 623 3385 et
642 3323 851 3387 multos
871 3343 1067 3386 secum
1086 3324 1236 3385 levis
1257 3325 1487 3385 abstulit
1507 3326 1654 3403 ignis
1668 3370 1687 3403 ,

201 3416 307 3472 460
327 3425 441 3468 non
464 3408 576 3468 alia
596 3407 775 3487 longe
798 3410 1015 3469 ratione
1039 3426 1106 3467 ac
1133 3424 1315 3487 saepe
1336 3408 1596 3468 videntur
1612 3454 1630 3486 ,

2043 158 2167 224 137
