2409 3825
727 148 872 196 x1v.
945 136 1298 198 DATAMEs.
1346 145 1391 195 1.
1437 146 1485 196 2.
1986 140 2073 205 49

112 283 307 349 fama
364 282 696 348 dimicanti
750 281 985 351 deesse.
1091 285 1267 375 hunc
1330 285 1633 351 adversus
1694 290 1913 354 tamen
1966 288 2072 355 Ti·

113 368 438 434 motheus
479 370 706 451 postea
757 366 986 452 populi
1028 368 1208 433 iussu
1259 370 1500 434 bellum
1542 373 1770 468 gessit:
1822 375 2071 458 patriae

115 453 462 518 sanctiora
502 452 645 516 iura
687 470 880 536 quam
921 452 1188 537 hospitii
1234 475 1369 519 esse
1414 455 1611 519 duxit.

298 536 487 602 Haec
530 540 813 601 extrema
852 537 980 600 fuit
1020 542 1194 602 aetas
1227 539 1314 601 im
1364 544 1686 604 eratorum
1715 540 2066 608 Athenien·
2095 556 2131 606 4

112 622 319 703 sium,
353 620 716 704 IphicratiS,
748 618 1082 704 Chabriae,
1111 620 1297 687 Timo
1376 624 1465 688 ei:
1509 645 1719 708 neque
1748 629 1898 709 post
1927 627 2070 691 illo·

113 727 275 771 rum
319 705 573 803 obitum
616 706 955 790 quisquam
1009 705 1137 770 dux
1178 707 1250 771 in
1303 707 1417 771 illa
1458 710 1617 774 urbe
1658 709 1785 774 fuit
1837 711 2070 796 dignus

114 811 469 855 memona.

299 873 519 938 Venio
556 895 748 951 ⁴nunc
811 875 893 938 ad
941 876 1363 940 fortissimum
1417 877 1626 942 virum
1680 879 1940 943 maximi
1987 903 2068 945 ue
2096 893 2129 942 5

114 958 395 1023 consilii
424 959 713 1023 omnium
737 958 1157 1023 barbarorum
1218 963 1497 1045 exceptis
1526 962 1773 1028 duobus
1804 962 1958 1028 Cart
2006 987 2068 1028 a·

115 1042 570 1128 giniensibus,
623 1041 988 1108 Hamilcare
1041 1048 1106 1108 et
1351 1046 1528 1111 ‘bale
1639 1047 1715 1111 de
1771 1069 1898 1132 quo
1942 1048 2067 1114 hoc
2096 1063 2129 1111 e

114 1129 325 1211 plura
372 1126 742 1210 referemus,
782 1128 956 1212 quod
999 1131 1065 1193 et
1105 1130 1475 1195 obscuriora
1517 1134 1670 1196 sunt
1712 1132 1848 1197 eius
1888 1139 2074 1219 gesta

114 1213 448 1308 pleraque
501 1214 567 1275 et
621 1233 725 1294 ea,
791 1233 954 1296 quae
1016 1234 1323 1298 prospere
1388 1216 1447 1280 ei
1511 1224 1868 1301 cesserunt,
1935 1240 2071 1282 non

116 1295 583 1380 magnitudine
627 1296 974 1379 copiarum,
1019 1298 1129 1361 sed
1172 1299 1445 1378 consilii,
1492 1321 1619 1384 quo
1664 1305 1804 1365 tum
1847 1323 2069 1366 omnes

118 1380 512 1464 superabat,
573 1380 969 1445 acciderunt:
1035 1403 1311 1466 quorum
1363 1384 1491 1448 nisi
1545 1384 1709 1449 ratio
1755 1385 2070 1468 explicata

118 1464 364 1546 fuerit,
406 1484 510 1531 res
550 1485 859 1550 apparere
898 1487 1034 1530 non
1072 1470 1400 1549 poterunt.
2043 1454 2080 1479 *⁸

714 1819 907 1898 XIV.
1010 1821 1483 1898 DATAMES.

301 1969 644 2054 Datames,
697 1974 879 2054 patre
924 1970 1277 2056 Camisare,
1322 1974 1585 2037 natione
1628 1971 1820 2059 Care,
1864 1978 2068 2040 matre
2105 1978 2136 2040 1

122 2054 468 2141 Scythissa
493 2059 702 2139 natus,
731 2058 1010 2139 primum
1039 2058 1319 2124 militum
1346 2058 1418 2121 in
1445 2079 1713 2123 numero
1743 2059 1869 2123 fuit
1898 2060 2067 2144 apud

122 2144 544 2206 Artaxerxen
575 2161 815 2224 eorum,
861 2142 972 2224 qui
1003 2143 1248 2226 regiam
1280 2143 1646 2207 tuebantur.
1719 2148 1902 2227 pater
1932 2145 2067 2207 eius

123 2225 529 2308 Camisares,
586 2224 757 2309 quod
813 2229 879 2290 et
929 2247 1127 2289 manu
1180 2226 1369 2291 fortis
1426 2231 1491 2291 et
1540 2227 1712 2293 bello
1770 2232 2068 2294 strenuus

124 2315 193 2375 et
234 2309 386 2394 regi
427 2309 647 2373 multis
690 2310 848 2373 locis
891 2309 1096 2374 fidelis
1141 2313 1279 2375 erat
1315 2315 1623 2395 repertus,
1665 2312 1895 2377 habuit
1922 2335 2066 2398 pro-

123 2395 417 2460 vinciam
443 2397 690 2476 partem
714 2392 974 2459 Ciliciae
1009 2394 1191 2458 iuxta
1220 2393 1707 2493 Cappadociam,
1751 2419 1944 2480 quam
1974 2399 2069 2461 in-

124 2480 362 2545 colunt
402 2476 767 2561 Leucosyri.
852 2477 1156 2543 Datames
1198 2480 1476 2543 mihtare
1510 2502 1743 2544 munus
1785 2481 2065 2565 fungens
2094 2493 2125 2540 2

124 2564 418 2648 primum
482 2562 689 2709 gualis
731 2565 916 2646 esset,
961 2562 1215 2646 aperuit
1255 2563 1327 2626 in
1365 2563 1558 2646 bello,
1603 2563 1775 2646 quod
1814 2586 1927 2627 rex
1962 2564 2068 2627 ad-

125 2668 359 2713 versus
390 2611 481 2711 Ca
524 2647 697 2710 usios
724 2647 941 2731 gessit.
1012 2666 1291 2730 namque
1345 2647 1479 2730 hic,
1544 2648 1764 2710 multis
1807 2648 2066 2711 milibus

124 2730 900 2893 {Qgfflsssntssffffl}
943 2730 2065 2882 effaffiof'ssffciffiffiet‘pssffiffisaffssss

126 2905 206 2965 ut
245 2903 526 2984 paterna
541 2864 627 2964 'ei
667 2898 1028 2963 traderetur
1067 2899 1419 2983 proyincia.
1558 2936 1596 2962 ι
2048 2867 2066 2900 '

301 2984 460 3049 Pari
502 3005 571 3048 se
612 2983 851 3047 virtute
892 2987 1118 3067 postea
1158 2985 1473 3067 praebuit,
1519 3005 1662 3049 cum
1697 2986 2067 3068 Autophro-
2097 2985 2139 3050 2

130 3068 313 3138 dates
369 3069 550 3133 iussu
601 3068 772 3152 regis
824 3068 995 3132 bello
1049 3072 1538 3152 persequeretur
1592 3090 1730 3152 eOS,
1798 3069 1909 3151 qui
1966 3069 2068 3132 de-

129 3149 443 3219 fecerant.
543 3173 820 3236 namque
880 3152 1070 3216 huius
1115 3173 1311 3236 opera
1353 3153 1569 3216 hostes
1583 3203 1600 3235 ,
1657 3174 1803 3216 oum
1860 3156 2068 3217 castra

130 3238 263 3304 iam
304 3238 686 3320 intrassent,
730 3236 1056 3333 profligati
1099 3236 1252 3300 sunt
1291 3237 1727 3319 exercitusque
1781 3236 2066 3321 reliquus

131 3325 551 3388 conservatus
618 3340 788 3405 regis
845 3323 970 3384 est:
1035 3342 1161 3404 qua
1216 3342 1294 3384 ex
1347 3342 1416 3384 re
1471 3321 1821 3385 maioribus
1874 3321 2063 3384 rebus

129 3425 430 3492 praeesse
482 3406 713 3489 coepit.
824 3408 962 3469 erat
1015 3426 1090 3469 eo
1143 3400 1432 3488 tempore
1484 3404 1704 3488 Thuys
1765 3403 2059 3486 dynastes
2089 3411 2120 3457 2

233 3507 501 3550 comma
528 3507 694 3551 aaron.
819 3567 823 3571 ,
1624 3509 1660 3556 4
