2409 3825
29 3521 50 3790 f—m—„

1087 209 1141 269 V

289 379 590 454 convenit,
613 376 743 437 inde
762 394 938 455 super
955 385 1135 437 terras
1159 377 1280 437 fluit
1300 379 1521 454 agmine
1548 378 1699 439 dulci

287 479 397 541 qua
417 463 510 520 via
530 469 693 521 secta
714 459 893 520 semel
925 459 1140 539 liquido
1164 461 1315 540 pede
1341 460 1543 521 detulit
1565 461 1759 522 undas.

371 545 526 604 Aera
550 561 699 603 nunc
728 544 899 620 igitur
921 543 1101 604 dicam
1118 590 1135 621 ‚
1162 546 1257 622 qui
1287 560 1531 623 corpore
1555 554 1677 605 toto

288 625 765 687 innumerabiliter
788 628 975 705 privas
1002 636 1244 687 mutatur
1271 629 1328 686 in
1351 627 1538 689 horas.

152 719 258 773 275
288 729 518 789 semper
537 711 684 770 enim
699 756 717 787 ,
743 709 1137 789 quodcumque
1160 710 1281 770 fluit
1305 711 1376 770 de
1397 712 1571 772 rebus
1589 758 1606 788 ‚
1635 711 1691 770 id
1715 728 1880 772 omne

290 796 440 855 aeris
464 796 521 852 in
542 811 802 871 magnum
822 794 1003 854 fertur
1022 811 1173 854 mare
1193 816 1208 863 ;
1234 795 1328 871 qui
1352 797 1459 855 nisi
1489 805 1685 856 contra

292 895 533 956 corpora
553 876 825 936 retribuat
848 877 1022 938 rebus
1043 887 1389 957 recreetque
1415 878 1638 939 fluentis
1657 924 1674 955 ‚

292 964 473 1021 omnia
493 962 603 1019 iam
620 960 875 1021 resoluta
896 960 1086 1021 forent
1107 970 1164 1020 et
1187 963 1246 1020 in
1274 968 1409 1022 aera
1435 980 1632 1022 versa:

288 1045 421 1105 haut
444 1046 614 1122 igitur
644 1054 836 1104 cessat
854 1045 1012 1122 gigni
1034 1044 1106 1104 de
1126 1045 1301 1105 rebus
1330 1055 1388 1105 et
1410 1047 1466 1104 in
1488 1063 1582 1105 res

155 1137 261 1189 280
283 1127 615 1204 reccidere,
640 1127 873 1188 adsidue
896 1129 1156 1207 quoniam
1184 1127 1363 1187 fluere
1392 1130 1572 1188 omnia
1596 1139 1833 1190 constat.

375 1211 589 1287 Largus
612 1213 748 1271 item
769 1209 965 1289 liquidi
988 1210 1116 1271 fons
1142 1210 1363 1271 luminis
1380 1259 1398 1290 ,
1425 1211 1709 1273 aetherius
1734 1212 1820 1273 sol
1843 1259 1860 1290 ‚

290 1296 493 1372 inrigat
517 1293 750 1354 adsidue
775 1294 995 1354 caelum
1020 1294 1266 1356 candore
1288 1297 1508 1355 recenti

292 1376 733 1456 suppeditatque
755 1395 907 1437 novo
932 1379 1234 1439 confestim
1256 1378 1465 1437 lumine
1490 1377 1694 1437 lumen.

289 1479 416 1521 nam
439 1462 675 1540 primum
697 1461 964 1539 quicquid
986 1460 1225 1539 fulgoris
1248 1460 1483 1541 disperit
1506 1464 1595 1539 ei,

155 1553 261 1607 285
290 1561 648 1623 quocumque
671 1543 894 1605 accidit.
919 1544 976 1604 id
1000 1544 1139 1606 licet
1159 1545 1292 1606 binc
1322 1562 1681 1623 cognoscere
1703 1546 1892 1623 possis
1908 1591 1928 1625 ‚

293 1627 448 1707 quod
473 1627 638 1689 simul
662 1645 730 1686 ac
756 1629 991 1705 primum
1014 1628 1197 1689 nubes
1222 1628 1541 1689 succedere
1566 1626 1676 1688 soli

295 1728 548 1789 coepere
572 1721 629 1771 et
649 1710 838 1771 radios
859 1713 1006 1772 inter
1035 1714 1194 1790 quasi
1217 1729 1481 1791 rumpere
1505 1711 1650 1771 lucis
1669 1755 1686 1786 ‚

293 1793 587 1873 extemplo
606 1794 840 1853 inferior
862 1814 991 1874 pars
1018 1796 1218 1855 horum
1240 1795 1477 1874 disperit
1501 1795 1679 1854 omnis
1696 1839 1714 1870 ,

291 1888 556 1956 terraque
585 1878 928 1939 inumbratur
950 1897 1058 1959 qua
1082 1879 1253 1939 nimbi
1281 1896 1522 1958 cumque
1546 1877 1830 1947 feruntur;

154 1970 264 2023 290
289 1972 351 2023 ut
379 1979 586 2023 noscas
609 1961 918 2041 splendore
941 1980 1094 2023 novo
1113 1981 1210 2024 res
1236 1981 1468 2041 semper
1489 1980 1667 2040 egere
1683 2008 1701 2039 ,

293 2055 352 2105 et
375 2047 611 2124 primum
630 2047 836 2106 iactum
862 2045 1101 2125 fulgoris
1127 2065 1410 2125 quemque
1432 2049 1624 2125 perire
1641 2091 1659 2122 ,

292 2148 405 2189 nec
426 2130 642 2189 ratione
665 2128 773 2189 alia
801 2148 895 2191 res
923 2148 1101 2208 posse
1128 2133 1185 2189 in
1210 2130 1336 2190 sole
1359 2130 1572 2206 videri,

291 2221 575 2291 perpetuo
599 2214 656 2272 ni
676 2213 1001 2292 suppeditet
1024 2213 1169 2275 lucis
1198 2223 1368 2293 caput
1393 2215 1594 2292 ipsum.

291 2297 427 2374 quin
450 2297 616 2355 etiam
641 2306 915 2357 nocturna
933 2298 1038 2357 tibi
1053 2344 1071 2375 ,
1095 2300 1389 2359 terrestria
1413 2316 1559 2376 quae
1581 2306 1710 2356 sunt
1727 2343 1745 2374 ‚

158 2386 267 2439 295
287 2377 530 2456 lumina,
560 2379 877 2458 pendentes
898 2380 1090 2455 lychni
1118 2380 1420 2460 claraeque
1447 2381 1703 2442 coruscis

289 2460 610 2539 fulguribus
634 2466 877 2541 pingues
899 2463 1071 2525 multa
1095 2463 1338 2542 caligine
1359 2465 1559 2524 taedae

294 2545 576 2606 consimili
596 2557 905 2625 properant
928 2549 1144 2607 ratione
1159 2593 1177 2624 ,
1211 2547 1414 2607 ardore
1441 2547 1696 2606 ministro
1715 2591 1733 2623 ,

292 2629 662 2707 suppeditare
688 2645 895 2689 novom
916 2631 1106 2691 lumen
1120 2677 1137 2708 ,
1167 2640 1415 2690 tremere
1438 2629 1662 2707 ignibus
1685 2629 1893 2689 instant
1907 2674 1924 2708 ,

291 2714 534 2791 instant,
559 2731 669 2773 nec
692 2712 822 2773 loca
851 2714 952 2775 lux
973 2717 1120 2775 inter
1145 2715 1306 2793 quasi
1326 2722 1490 2792 rupta
1516 2710 1812 2789 relinquit:

159 2802 268 2857 300
293 2814 479 2874 usque
506 2796 652 2857 adeo
672 2808 1048 2882 properanter
1068 2798 1138 2858 ab
1161 2797 1419 2857 omnibus
1448 2796 1672 2873 ignibus
1703 2797 1757 2854 ei

292 2880 526 2939 exitium
551 2878 728 2940 celeri
752 2881 969 2943 celatur
998 2883 1217 2959 origine
1240 2880 1512 2942 flammae.
1666 2881 1671 2884 ’

290 2964 575 3039 sicigitur
599 2962 784 3024 solem
806 2964 993 3025 lunam
1019 2963 1334 3044 stellasque
1360 2963 1718 3043 putandumst

291 3064 370 3106 ex
389 3046 501 3105 alio
522 3054 694 3126 atque
716 3048 826 3108 alio
849 3048 1038 3109 lucem
1059 3051 1270 3108 iactare
1295 3048 1531 3109 subortu

243 3161 250 3164 *
291 3138 352 3189 et
376 3131 613 3207 primum
635 3131 904 3211 quicquid
924 3132 1261 3192 flammarum
1285 3131 1530 3212 perdere
1554 3151 1814 3211 semper;

155 3218 265 3274 305
294 3212 641 3273 inviolabilia
664 3214 810 3275 baec
832 3234 906 3275 ne
937 3215 1137 3276 credas
1162 3214 1312 3275 forte
1338 3217 1557 3292 vigere.

362 3295 628 3376 Denique
652 3314 765 3357 non
788 3298 1009 3377 lapides
1034 3316 1263 3378 quoque
1287 3299 1439 3357 vinci
1463 3300 1653 3360 cernis
1674 3301 1746 3360 ab
1775 3318 1956 3380 aevo,

284 3397 403 3440 non
424 3380 567 3441 altas
595 3382 765 3442 turris
789 3400 957 3442 ruere
980 3391 1039 3442 et
1060 3391 1397 3461 putrescere
1423 3400 1590 3458 saxa,

280 3481 400 3523 non
424 3463 660 3525 delubra
683 3464 849 3524 deum
870 3465 1282 3544 simulacraque
1307 3464 1462 3525 fessa
1486 3465 1704 3541 fatisci,

1989 214 2111 278 133
2186 164 2192 169 ⁴
