2409 3825
1189 207 1243 265 V
2086 212 2204 279 141

266 381 364 437 575
392 374 518 434 sive
540 388 695 432 suam
720 370 951 449 proprio
971 369 1141 429 iactat
1164 370 1235 430 de
1263 388 1507 451 corpore
1528 370 1715 432 lucem
1733 419 1751 450 ,

386 453 656 535 quidquid
678 454 736 513 id
758 462 848 513 est
863 498 881 529 ,
911 451 1025 523 nilo
1048 452 1229 513 fertur
1248 456 1459 514 maiore
1478 456 1666 533 >figura

388 558 555 618 quam
570 585 589 615 ‚
614 538 823 598 nostris
852 535 1034 596 oculis
1059 554 1168 614 qua
1192 539 1473 598 cernimus
1492 583 1510 614 ,
1536 557 1670 599 esse
1691 538 1932 601 videtur.

387 642 512 683 nam
542 624 696 700 prius
720 621 902 680 omnia
917 665 935 696 ,
963 637 1106 697 quae
1129 617 1302 696 longe
1327 630 1545 681 semota
1564 630 1785 681 tuemur

386 714 523 766 aera
550 723 654 784 per
673 703 905 763 multum
924 748 942 779 ,
970 704 1170 781 specie
1196 703 1432 764 confusa
1456 704 1717 765 videntur

267 800 367 852 580
389 807 553 869 quam
575 788 743 847 minui
768 785 936 845 filum.
962 796 1309 865 quapropter
1329 787 1457 846 luna
1477 805 1725 848 necesse
1754 798 1876 865 est,

389 869 837 953 quandoquidem
867 868 1070 928 claram
1098 870 1354 948 speciem
1379 880 1702 949 certamque
1734 872 1963 948 figuram

389 956 627 1035 praebet
643 1000 661 1031 ,
687 963 746 1013 ut
770 962 860 1013 est
885 953 999 1012 oris
1027 954 1296 1012 extremis
1321 972 1562 1031 cumque
1590 963 1779 1014 notata

392 1048 709 1118 quantaque
731 1044 987 1114 quantast
1008 1036 1139 1095 hinc
1162 1037 1325 1096 nobis
1347 1035 1602 1096 videatur
1623 1039 1677 1096 in
1700 1036 1833 1098 alto,

391 1132 682 1203 postremo
705 1137 1093 1199 quoscumque
1117 1116 1277 1179 vides
1305 1119 1436 1179 hInc
1459 1120 1704 1180 aetheris
1734 1123 1896 1200 ignes
1914 1167 1933 1199 ‚

266 1217 366 1270 585
396 1203 843 1285 quandoquidem
867 1220 1256 1282 quoscumque
1284 1204 1340 1262 in
1363 1205 1528 1264 terris
1553 1205 1842 1283 cernimu’,
1869 1203 2156 1282 flammae

392 1291 521 1350 dum
544 1297 756 1348 tremor
778 1295 864 1347 est
893 1285 1078 1346 clarus
1095 1331 1113 1362 ,
1145 1287 1274 1346 dum
1298 1287 1544 1347 cernitur
1566 1287 1733 1346 ardor
1755 1306 1949 1347 eorum
1965 1335 1982 1366 ‚

392 1387 730 1451 perparvom
760 1369 1017 1448 quiddam
1043 1368 1319 1429 interdum
1347 1379 1560 1430 mutare
1580 1369 1801 1429 videtur

393 1456 625 1516 alteram
646 1462 823 1513 utram
845 1454 900 1510 in
925 1462 1141 1531 partem
1165 1452 1350 1530 iilum,
1382 1471 1496 1531 quo
1524 1452 1749 1530 longius
1775 1454 2009 1533 absunt,

393 1541 543 1600 scire
566 1536 703 1597 licet
725 1553 995 1615 perquam
1016 1534 1269 1615 pauxillo
1291 1554 1468 1615 posse
1492 1537 1738 1596 minores

266 1632 367 1686 590
393 1641 528 1683 esse
552 1620 647 1680 vel
671 1621 876 1696 exigua
896 1620 1119 1679 maioris
1143 1628 1304 1699 parte
1328 1620 1622 1696 brevique.

474 1703 622 1765 Illud
640 1705 774 1762 item
802 1720 914 1762 non
943 1712 1031 1763 est
1053 1702 1389 1779 mirandum,
1427 1721 1535 1780 qua
1555 1704 1768 1761 ratione

391 1786 635 1849 tantulus
660 1785 757 1845 ille
781 1794 950 1864 queat
969 1795 1179 1846 tantum
1200 1785 1290 1847 sol
1313 1788 1534 1846 mittere
1563 1785 1750 1844 lumen
1768 1831 1785 1862 ,

393 1870 545 1952 quod
565 1872 734 1932 maria
758 1887 825 1929 ac
847 1877 1026 1931 terras
1058 1871 1237 1931 omnis
1267 1869 1600 1948 caelumque
1623 1868 1887 1946 rigando·

395 1954 678 2035 compleat
699 1963 757 2013 et
781 1952 963 2014 calido
987 1954 1285 2032 perfundat
1309 1963 1510 2014 cuncta
1527 1971 1759 2033 vapore.

266 2050 368 2104 595
391 2058 515 2100 nam
538 2039 675 2098 licet
696 2037 827 2096 hinc
851 2037 1036 2100 mundi
1060 2037 1400 2117 patefactum
1432 2039 1601 2098 totius
1626 2056 1793 2095 unum
2036 2098 2042 2103 ,

394 2121 706 2199 largifluum
730 2121 943 2180 fontem
966 2131 1188 2181 scatere
1213 2131 1380 2200 atque
1405 2139 1701 2200 erumpere
1725 2120 1913 2180 lumen
1930 2165 1948 2197 ‚

396 2225 472 2266 ex
495 2205 640 2265 omni
668 2204 873 2263 mundo
898 2206 1026 2282 quia
1049 2206 1134 2264 sic
1158 2203 1438 2265 elementa
1459 2206 1685 2284 vaporis

395 2289 640 2369 undique
666 2288 1004 2347 conveniunt
1027 2297 1085 2347 et
1109 2290 1194 2347 sic
1221 2289 1513 2348 coniectus
1536 2305 1731 2346 eorum

398 2373 627 2433 confluit
644 2418 662 2450 ‚
689 2391 764 2432 ex
783 2388 895 2430 uno
921 2372 1106 2450 capite
1136 2371 1230 2430 hic
1254 2380 1313 2431 ut
1335 2370 1574 2449 profluat
1598 2370 1779 2429 ardor.

268 2468 372 2522 600
399 2474 584 2516 nonne
606 2455 768 2515 vides
792 2455 958 2514 etiam
981 2471 1144 2533 quam
1166 2454 1280 2513 late
1305 2472 1509 2531 parvus
1533 2455 1694 2531 aquai

396 2550 555 2620 prata
581 2541 729 2616 riget
751 2538 878 2597 fons
906 2537 1180 2597 interdum
1205 2538 1531 2615 campisque
1553 2535 1868 2596 redundet?

399 2633 489 2683 est
512 2625 677 2682 etiam
700 2638 928 2699 quoque
952 2622 1032 2680 uti
1053 2638 1165 2679 non
1184 2638 1387 2696 magno
1413 2619 1553 2680 solis
1576 2619 1648 2678 ab
1669 2619 1784 2694 igni

397 2713 531 2765 aera
553 2706 827 2783 percipiat
853 2703 1045 2763 calidis
1075 2703 1392 2780 fervoribus
1421 2702 1616 2778 ardor,

401 2799 752 2868 opportunus
776 2789 851 2847 ita
874 2796 963 2848 est
985 2788 1034 2847 si
1063 2785 1213 2846 forte
1236 2794 1294 2846 et
1317 2786 1553 2845 idoneus
1577 2792 1677 2843 aer
1692 2829 1708 2862 ‚

269 2884 376 2938 605
403 2883 464 2932 ut
490 2882 657 2951 queat
682 2870 917 2931 accendi
939 2871 1126 2950 parvis
1149 2869 1440 2929 ardoribus
1462 2870 1638 2935 ictus;

403 2956 551 3035 quod
575 2974 756 3033 genus
780 2954 1056 3014 interdum
1077 2963 1313 3035 segetes
1336 2949 1712 3031 stipulamque
1735 2950 1990 3010 videmus

401 3040 666 3099 accidere
691 3058 765 3098 ex
788 3055 895 3096 una
918 3035 1161 3097 scintilla
1181 3035 1439 3095 incendia
1458 3036 1686 3113 passim.

401 3122 634 3183 forsitan
656 3131 713 3181 et
734 3138 901 3182 rosea
923 3120 1010 3181 sol
1036 3119 1148 3179 alte
1171 3117 1426 3198 lampade
1452 3117 1650 3177 lucens

405 3206 694 3284 possideat
715 3202 945 3263 multum
966 3204 1154 3263 caecis
1184 3201 1504 3261 fervoribus
1529 3202 1718 3276 ignem

271 3298 381 3353 610
406 3290 616 3348 circum
642 3306 707 3348 se
725 3332 743 3363 ,
774 3285 930 3346 nullo
956 3288 1049 3365 qui
1072 3287 1144 3346 sit
1168 3283 1394 3361 fulgore
1420 3292 1642 3343 notatus
1663 3327 1680 3358 ‚

404 3370 637 3432 aestifer
658 3379 717 3430 ut
740 3380 947 3430 tantum
974 3369 1250 3429 radiorum
1272 3375 1551 3443 exaugeat
1580 3368 1767 3425 ictum.
1839 3376 1844 3381 ’

487 3453 613 3515 Nec
635 3451 774 3513 ratio
799 3451 937 3514 solis
960 3451 1205 3531 simplex
1226 3450 1453 3511 reclusa
1479 3451 1752 3529 patescit,
