2409 3825
943 224 1189 292 sA'rmA
1232 226 1308 274 11.
1675 273 1692 283 ,
2050 210 2086 270 5

114 362 431 424 Auriculas
476 364 620 424 asini
672 364 799 441 quis
845 380 958 422 non
1002 359 1221 422 habet?
1267 363 1382 422 hoc
1425 379 1538 438 ego
1592 371 1878 440 opertum,

113 447 253 507 Hoc
292 448 486 509 ridere
533 466 754 522 meum,
803 455 915 506 tam
959 447 1072 521 nil,
1122 446 1277 505 nulla
1319 445 1419 505 tibi
1466 446 1655 506 vendo
1709 475 1710 480 1

113 529 324 593 Iliade.
395 531 620 591 Audaci
674 532 1047 610 quicumque.
1080 529 1276 589 afflate
1326 527 1559 588 Cratino

112 613 332 674 Iratum
371 613 720 691 Eupolidem
766 612 1110 693 praegrandi
1156 630 1283 671 cum
1329 630 1469 671 sene
1514 611 1724 689 palles,

114 698 345 775 Aspice
396 706 455 756 et
498 697 684 772 haec,
732 699 779 755 si
824 697 977 756 forte
1020 695 1235 773 aliquid
1280 696 1579 756 decoctius
1631 694 1813 756 audis.
1989 707 2089 762 125

113 779 262 840 Inde
306 789 587 858 vaporata
632 781 843 878 lect05
862 780 997 839 mihi
1039 780 1267 839 ferveat
1312 796 1482 839 aure:
1943 807 1946 810 ‡

115 862 253 923 Non
300 864 430 939 hic,
471 864 568 941 qui
616 865 673 923 in
716 863 986 940 crepidas
1036 862 1333 922 Graiorum
1380 861 1584 922 ludere
1629 862 1807 939 gestit

118 946 439 1021 Sordidus,
490 954 546 1004 et
597 947 761 1006 lusco
807 947 902 1024 qui
946 947 1132 1024 possit
1183 947 1382 1007 dicere
1430 946 1614 1021 lusce,

119 1031 277 1089 Sese
329 1029 581 1107 aliquem
628 1030 910 1104 creden8‚
964 1028 1110 1088 Italo
1162 1028 1316 1106 quod
1360 1028 1584 1089 honore
1632 1031 1868 1108 supinus

119 1112 393 1189 Fregerit
432 1114 688 1173 heminas
736 1113 932 1172 Arreti
976 1112 1180 1172 aedilis
1230 1112 1481 1190 iniquas;
1989 1123 2090 1174 130

77 1195 252 1257 'Nec
297 1196 393 1280 qui
441 1196 622 1255 abaco
667 1213 938 1268 numeros
990 1204 1046 1256 et
1100 1205 1267 1255 secto
1316 1197 1372 1254 in
1421 1196 1666 1273 pulvere
1708 1204 1892 1256 metas

120 1280 251 1342 Scit
294 1280 496 1338 risisse
541 1279 737 1355 vafer,
790 1279 1023 1339 multum
1070 1279 1331 1354 gaudere
1383 1285 1648 1356 paratus,'

122 1363 188 1422 Si
237 1359 455 1437 Cynico
514 1362 750 1422 barbam
791 1362 1058 1440 petulans
1106 1363 1344 1419 nonaria
1397 1362 1597 1420 vellat.

120 1444 227 1504 His
271 1462 435 1505 mane
487 1446 767 1522 edictum,
821 1453 957 1523 post
1000 1445 1240 1522 prandia
1287 1441 1582 1503 Calliroen
1621 1444 1716 1504 do.

798 1773 1268 1840 SATIRA
1327 1773 1418 1837 H.

124 1900 343 2003 Hunc,
383 1928 672 2006 Macrine,
725 1929 877 1991 diem
925 1949 1157 1991 numera
1208 1930 1449 1989 meliore
1497 1926 1720 2005 lapillo,

127 2016 245 2090 Qui
290 2012 393 2072 tibi
439 2013 705 2073 labentes
758 2018 996 2094 apponit
1044 2014 1317 2074 candidus
1368 2029 1576 2078 annos;

126 2095 329 2160 Funde
378 2114 595 2154 merum
636 2099 832 2172 genio.
911 2098 1041 2157 Non
1089 2107 1147 2157 tu
1196 2114 1378 2175 prece
1425 2096 1622 2173 poscis
1674 2097 1879 2171 emaci,

128 2182 294 2255 Quae
336 2179 446 2237 nisi
490 2178 743 2239 seductis
790 2199 1049 2259 nequeas
1102 2181 1460 2239 committere
1510 2178 1685 2246 divis;

128 2264 207 2323 At
259 2261 410 2321 bona
459 2280 592 2339 pars
643 2281 951 2340 procerum
991 2266 1164 2324 tacita
1210 2262 1411 2322 libabit
1447 2279 1670 2322 acerra.
2054 2274 2086 2323 5

125 2345 290 2406 Haud
327 2345 505 2405 cuivis
541 2356 865 2425 promptum
900 2357 989 2407 est
1023 2364 1386 2424 murmurque
1422 2344 1782 2423 humilesque
1820 2363 2085 2404 susurros

129 2427 371 2490 Tollere
423 2428 496 2487 de
544 2429 773 2505 templis
819 2438 877 2489 et
920 2441 1125 2509 aperto
1163 2432 1365 2489 vivere
1415 2438 1573 2488 voto.

128 2510 305 2573 Mens
338 2512 517 2587 bona,
560 2512 755 2589 fama,
792 2512 967 2590 fides,
1015 2515 1164 2573 haec
1211 2513 1366 2573 clare
1407 2521 1464 2571 et
1502 2520 1562 2571 ut
1608 2511 1795 2570 audiat
1835 2510 2081 2589 hospes:

32 2600 36 2611 '
127 2596 238 2656 Illa
287 2594 395 2654 sibi
438 2596 744 2667 introrsum
795 2604 854 2655 et
904 2596 1009 2655 sub
1055 2598 1250 2672 lingua
1298 2603 1632 2653 murmurat:
1700 2591 1747 2650 Ο
1790 2595 1840 2651 si

128 2677 385 2739 Ebulliat
435 2686 705 2755 patruus,
758 2678 1120 2757 praeclarum
1161 2678 1357 2738 funus!
1404 2687 1491 2737 et:
1560 2676 1607 2734 Ο
1650 2678 1701 2735 si
2020 2688 2085 2738 10

120 2760 251 2833 „Sub
308 2769 495 2819 rastro
547 2770 751 2839 crepet
801 2764 1025 2839 argenti
1067 2763 1200 2821 mihi
1243 2762 1392 2820 seria
1445 2761 1651 2820 dextro

128 2841 409 2904 Hercule!
453 2843 809 2922 pupillumve
852 2847 1094 2920 utinam,
1142 2864 1311 2924 quem
1355 2846 1648 2922 proximus
1693 2841 1868 2902 heres

129 2925 411 3004 Impello‚
466 2928 822 3005 expungam!
873 2946 1116 3006 namque
1172 2938 1264 2987 est
1311 2927 1649 3002 scabiosus,
1695 2934 1753 2985 et
1797 2926 1916 2987 acri

33 3024 39 3052 ²
129 3009 254 3071 Bile
297 3017 494 3068 tumet.
560 3009 739 3070 Nerio
785 3012 895 3071 iam
939 3012 1108 3072 tertia
1153 3012 1416 3071 conditur
1459 3010 1636 3070 uxor!
1681 3043 1756 3053 —

128 3090 289 3153 Haec
331 3101 532 3152 sancte
577 3103 635 3152 ut
681 3111 928 3172 poscas,
975 3093 1249 3154 Tiberino
1301 3096 1356 3152 in
1398 3094 1626 3171 gurgite
1671 3092 1885 3169 mergis
2015 3102 2081 3154 15

34 3196 43 3223 2
131 3175 297 3237 Mane
345 3184 517 3253 caput
561 3176 649 3235 his
693 3187 898 3255 terque
943 3188 1001 3238 et
1050 3188 1280 3237 noctem
1324 3177 1552 3237 flumine
1605 3172 1859 3254 purgas?

131 3258 287 3319 Heus
323 3277 467 3335 age,
514 3259 905 3337 responde.—-
935 3262 1219 3320 minimum
1262 3270 1351 3320 est
1390 3260 1543 3339 quod
1587 3261 1740 3319 scire
1778 3257 2082 3318 laboro-—

129 3340 394 3402 Delove
439 3342 576 3419 quid
620 3341 840 3403 sentis?
885 3354 1048 3403 estne
1092 3353 1151 3404 ut
1194 3357 1562 3422 praeponere
1609 3358 1777 3401 cures

36 3482 37 3495 ,
129 3423 290 3485 Hunc
319 3459 405 3472 —-
446 3423 715 3486 cuinam?
760 3424 1020 3503 cuinam?
1062 3429 1150 3487 vis
1197 3423 1399 3488 Staio?
1445 3444 1515 3486 an
1555 3425 1782 3487 scilicet
1824 3419 2078 3485 haeres?
