2409 3825
242 167 327 231 64
373 220 378 225 .
1208 169 1290 230 111

417 337 680 397 convenit
704 335 1076 414 adversisque
1101 337 1156 395 in
1182 336 1357 396 rebus
1381 354 1628 397 noscere
1655 338 1751 418 qui
1775 336 1881 399 sit.

414 438 540 479 nam
568 438 742 488 verae
765 438 946 494 yoces
975 428 1092 479 tum
1123 419 1346 479 demum
1368 430 1610 500 pectore
1632 421 1703 480 ab
1729 424 1840 480 imo

417 505 718 566 eliciuntur
731 549 749 580 ‚
783 513 841 565 et
859 506 1094 583 eripitur
1115 520 1363 583 persona
1377 549 1395 580 ,
1421 514 1609 564 manet
1630 523 1745 565 res.

417 589 661 668 denique
691 589 957 649 avarities
981 597 1040 647 et
1072 587 1347 647 honorum
1379 605 1554 647 caeca
1579 590 1823 668 cupido,

316 682 387 736 60
419 690 563 752 quae
592 675 831 733 miseros
855 671 1113 732 homines
1141 681 1353 749 cogunt
1378 673 1781 733 transcendere
1804 675 1946 735 fines

415 759 550 817 iuris
581 766 639 816 et
667 756 945 816 interdum
967 758 1162 816 socios
1185 754 1475 816 scelerum
1494 765 1663 834 atque
1686 760 1972 819 ministros

416 850 619 901 noctes
643 850 813 918 atque
839 840 961 900 dies
985 842 1083 900 niti
1109 848 1435 919 praestante
1459 839 1656 899 labore

416 925 495 1005 ad
514 942 762 985 summas
793 942 1093 1001 emergere
1118 941 1263 1002 opes
1281 969 1301 1000 ,
1325 923 1473 983 haec
1495 923 1732 985 vulnera
1751 926 1906 987 vitae

415 1026 529 1069 non
549 1008 827 1067 minimam
848 1019 1068 1086 partem
1089 1009 1287 1068 mortis
1311 1007 1609 1068 formidine
1635 1006 1874 1069 aluntur.

313 1102 383 1156 65
417 1094 598 1171 turpis
623 1093 771 1152 enim
792 1091 971 1152 ferme
999 1100 1358 1169 contemptus
1393 1101 1451 1167 et
1474 1093 1623 1153 acris
1649 1103 1879 1170 egestas

417 1185 635 1238 semota
657 1177 727 1236 ab
756 1174 908 1236 dulci
929 1178 1045 1236 vita
1066 1175 1369 1254 stabilique
1398 1175 1662 1235 videntur

418 1269 477 1321 et
502 1263 663 1340 quasi
684 1262 794 1319 iam
820 1259 921 1321 leti
943 1269 1137 1340 portas
1164 1260 1484 1320 cunctarier
1511 1270 1671 1330 ante;

415 1345 563 1405 unde
594 1342 849 1405 homines
874 1344 1004 1404 dum
1029 1363 1093 1405 se
1119 1342 1268 1405 falso
1289 1353 1512 1404 terrore
1537 1346 1751 1406 coactis

417 1429 696 1507 effugisse
718 1427 915 1488 volunt
937 1426 1111 1506 longe
1128 1474 1147 1505 ‚
1170 1424 1462 1506 longeque
1486 1445 1750 1489 remosse
1766 1474 1784 1506 ‚

324 1519 391 1575 70
423 1515 697 1590 sanguine
725 1510 875 1573 civili
897 1531 1021 1573 rem
1051 1511 1296 1574 conflant
1326 1511 1662 1590 divitiasque

420 1595 819 1676 conduplicant
842 1596 1024 1673 avidi,
1057 1596 1293 1657 caedem
1318 1595 1495 1656 caede
1520 1595 1942 1656 accumulantes
1959 1642 1980 1673 ,

419 1681 685 1742 crudeles
716 1680 965 1758 gaudent
988 1683 1045 1741 in
1076 1682 1222 1741 tristi
1246 1679 1447 1740 funere
1472 1680 1659 1740 fratris
1674 1726 1692 1757 .,

418 1775 476 1825 et
504 1767 984 1842 consanguineum
1005 1782 1235 1825 mensas
1259 1764 1435 1825 odere
1457 1766 1787 1842 timentque.

420 1847 698 1910 consimili
720 1851 938 1909 ratione
961 1849 1030 1909 ab
1055 1848 1262 1921 eodem
1289 1866 1468 1927 saepe
1491 1849 1692 1908 timore

320 1939 386 1995 75
420 1943 667 1995 macerat
692 1933 914 1993 invidia.
938 1944 1068 1993 ante
1093 1933 1296 1995 oculos
1319 1932 1476 1992 illum
1504 1952 1637 1993 esse
1665 1942 1956 2013 potentem
1972 1978 1998 2011 ‚

418 2018 575 2078 illum
597 2020 882 2097 aspectari
900 2065 917 2096 ,
945 2018 1100 2078 claro
1126 2019 1221 2098 qui
1245 2017 1455 2077 incedit
1479 2016 1696 2077 honore
1712 2063 1730 2095 ‚

416 2104 526 2181 ipsi
553 2122 618 2163 se
641 2105 697 2162 in
720 2102 974 2163 tenebris
999 2101 1153 2162 volvi
1180 2118 1477 2180 caenoque
1507 2112 1833 2180 queruntur.

418 2189 700 2247 intereunt
723 2188 925 2266 partim
948 2195 1260 2246 statuarum·
1276 2194 1335 2245 et
1360 2186 1598 2245 nominis
1625 2203 1786 2263 ergo.

418 2281 476 2331 et
500 2289 676 2350 saepe
700 2289 882 2349 usque
914 2269 1058 2330 adeo
1076 2316 1094 2348 ‚
1124 2270 1321 2329 mortis
1345 2268 1640 2329 formidine
1664 2315 1682 2346 ,
1708 2271 1859 2329 vitae

325 2361 395 2415 80
424 2357 670 2434 percipit
695 2353 967 2415 humanos
991 2355 1177 2414 odium
1201 2353 1466 2431 lucisque
1485 2352 1764 2413 videndae
1780 2398 1798 2431 ,

417 2450 477 2500 ut
502 2439 607 2500 sihi
634 2441 994 2499 consciscant
1017 2439 1292 2499 maerenti
1315 2446 1556 2516 pectore
1582 2436 1791 2516 letum,

419 2522 579 2583 obliti
602 2522 817 2582 fontem
840 2541 1095 2583 curarum
1117 2522 1267 2604 hunc
1289 2541 1423 2582 esse
1447 2522 1737 2598 timorem,

416 2607 566 2667 hunc
587 2625 800 2666 vexare
830 2606 1103 2685 pudorem
1117 2653 1134 2684 ,
1160 2605 1312 2667 hunc
1333 2604 1560 2667 vincula
1583 2605 1843 2665 amicitiai

415 2709 680 2771 rumpere
714 2701 771 2751 et
794 2692 849 2750 in
871 2708 1084 2751 summa
1104 2692 1376 2768 pietatem
1398 2697 1663 2749 evertere
1698 2687 1888 2749 clade:

317 2781 386 2835 85
414 2793 541 2835 nam
566 2777 672 2833 iam
695 2792 873 2853 saepe
898 2773 1156 2835 homines
1178 2774 1414 2854 patriam
1438 2790 1716 2852 carosque
1747 2772 1998 2852 parentis

414 2857 819 2938 prodiderunt,
843 2859 1022 2917 vitare
1048 2857 1366 2917 Acherusia
1389 2855 1601 2935 templa
1627 2866 1914 2936 petentes.

415 2960 542 3001 nam
564 2939 742 3002 veluti
760 2944 926 3024 pueri
947 2940 1230 3021 trepidant
1248 2951 1418 3018 atque
1444 2942 1626 3000 omnia
1651 2943 1843 3002 caecis

415 3025 742 3086 intenebris
766 3034 1053 3103 metuunt,
1079 3028 1165 3086 sic
1194 3044 1300 3086 nos
1330 3028 1385 3083 in
1409 3024 1539 3084 luce
1565 3027 1826 3086 timemus

415 3107 697 3167 interdum
712 3154 729 3185 ,
753 3108 868 3168 nilo
897 3128 1041 3189 quae
1065 3120 1194 3170 sunt
1217 3108 1519 3169 metuenda
1538 3110 1720 3187 magis
1750 3126 1917 3189 quam

311 3195 383 3248 90
414 3208 559 3269 quae
584 3192 744 3268 pueri
769 3193 824 3251 in
848 3192 1100 3254 tenebris
1130 3195 1380 3272 pavitant
1407 3193 1737 3271 linguntque
1762 3194 1963 3253 futura.

415 3272 566 3330 hunc
588 3274 758 3349 igitur
781 3283 1058 3335 terrorem
1082 3277 1247 3335 aliimi
1277 3276 1660 3356 tenebrasque
1686 3281 1994 3337 necessest

415 3370 530 3412 non
555 3354 693 3414 radii
709 3356 850 3418 solis
874 3377 1062 3436 neque
1083 3358 1272 3420 lucida
1295 3357 1410 3419 tela
1441 3359 1551 3418 diei

417 3434 747 3516 discutiant,
783 3440 888 3500 sed
915 3450 1144 3502 naturae
1167 3444 1400 3522 species
1423 3444 1701 3521 ratioque.
