2409 3825
648 145 773 195 vn.
854 144 1294 201 armannus.
1340 142 1420 194 10.
1464 143 1547 194 11.
1773 208 1780 223 .
1983 131 2065 198 31

121 284 823 463 affluam
874 280 1171 451 Q&
1211 285 2130 450 affluam&

122 471 351 515 missis
392 449 859 515 interfecerunt
897 453 1215 535 caputque
1270 449 1407 515 eius
1461 450 1544 516 ad
1583 449 2071 515 Pharnabazum

121 533 545 599 rettulerunt.
559 618 573 631 ι
649 537 719 631 at
774 533 1035 617 mulier,
1102 554 1268 619 quae
1322 555 1467 598 cum
1521 555 1598 599 eo
1652 533 1877 632 YiVP'e.
1922 555 2078 600 con·

120 617 2077 785 ἳέἶξτέἶῗῖἷέἑὲῖὶζθῗὲοὲοέῗὲωωἚᾱέἑὲθῗὲἓζ

123 789 275 850 erat
293 788 753 868 comparatum.
800 785 892 851 sic
910 784 1280 850 Alcibiades
1302 806 1508 852 annos
1533 787 1785 852 circiter
1805 785 2073 871 quadra-

123 869 319 957 ginta
357 873 550 935 natus
591 868 761 934 diem
803 869 966 934 obiit
1007 890 1394 953 supremum.
1525 914 1533 928 ·
2065 904 2194 943 a*

302 950 497 1017 Hunc
513 953 897 1018 infamatum
916 974 961 1017 >a
978 952 1304 1038 plerisque
1323 959 1456 1020 tres
1477 955 1838 1041 gravissimi
1857 955 2057 1021 histo·
2093 959 2166 1021 11

122 1037 251 1102 rici
280 1037 547 1102 summis
566 1037 869 1102 laudibus
897 1037 1265 1102 extulerunt
1276 1061 1306 1103 τ’
1322 1037 1509 1104 Thuc
1553 1038 1749 1124 didos,
1773 1039 1887 1124 qui
1909 1040 2071 1104 eius-

125 1121 305 1217 dem·
318 1122 548 1186 aetatis
582 1121 726 1220 finit,
770 1121 1248 1206 Theopompus,
1289 1127 1442 1208 post
1483 1062 1817 1208 ediquanto
1858 1127 2070 1209 natus,

126 1210 200 1270 et
228 1204 563 1270 Timaeus:
607 1227 720 1289 qui
764 1205 1021 1290 quidem
1064 1205 1192 1271 duo
1221 1207 1811 1273 maledicentissimi
1851 1209 2069 1274 nescio

126 1310 265 1375 quo
309 1289 501 1356 modo
554 1289 628 1353 in
669 1289 786 1354 illo
830 1311 964 1354 uno
1006 1288 1329 1357 laudando
1373 1292 1803 1357 consentiunt.
1888 1314 2066 1357 nam·
2094 1304 2132 1352 2

127 1395 261 1458 que
306 1395 383 1438 ea
392 1423 411 1457 ‚
467 1393 629 1457 quae
686 1395 882 1458 supra
922 1373 1320 1460 scripsimus,
1376 1375 1455 1440 de
1499 1396 1575 1440 eo
1612 1374 2071 1474 praedicarunt

127 1463 332 1542 atque
359 1458 487 1522 hoc
515 1457 824 1542 amplius:
862 1478 1017 1548 gum
1045 1458 1323 1523 Athenis
1379 1459 1891 1544 splendldissima
1917 1460 2068 1524 civi·
2139 1446 2320 1514 (ΑΝ-ν

124 1546 301 1625 tate,
334 1546 540 1606 'natus
584 1545 780 1626 esset,
841 1563 1064 1607 omnes
1180 1508 1446 1607 lendore
1489 1563 1565 1608 ac
1608 1542 1922 1628 dignitate
1965 1565 2066 1607 su·
2094 1557 2129 1606 3

128 1647 396 1712 perasse
438 1626 629 1710 vitae,
672 1629 1017 1723 postquam
1057 1564 1210 1690 ined'e
1254 1626 1556 1724 expulsus
1585 1625 1838 1693 Thebas
1880 1647 2069 1692 vene-

127 1712 251 1794 rit,
313 1709 475 1775 adeo
530 1710 757 1775 studiis
820 1730 1044 1774 eorum
1104 1711 1447 1776 inservisse
1457 1760 1478 1796 ‚
1541 1714 1618 1775 ut
1672 1731 1867 1776 nemo
1921 1732 2070 1776 eum

129 1795 359 1861 labore
404 1795 815 1878 corporisque
843 1794 1088 1858 viribus
1114 1797 1336 1878 posset
1362 1795 1776 1880 aequiperare
1815 1794 2069 1894 (omnes

131 1879 313 1945 enim
354 1876 613 1944 Boeotii
654 1878 861 1964 :magis
901 1878 1191 1944 firmitati
1245 1879 1532 1964 corporis
1574 1900 1768 1965 quam
1819 1880 2068 1966 ingenii

130 1963 421 2029 acumini
471 1963 889 2048 inserviunt),
949 1961 1222 2028 eundem
1274 1963 1445 2048 apud
1505 1963 2065 2050 Lacedaemonios,
2093 1978 2130 2026 4

129 2068 416 2133 quorum
442 2048 730 2112 moribus
744 2068 1005 2127 *summa
1026 2048 1231 2113 virtus
1254 2048 1326 2112 in
1352 2049 1667 2132 patientia
1687 2050 2068 2135 ponebatur,

129 2133 230 2199 sic
272 2131 548 2197 duritiae
599 2153 669 2197 se
724 2130 1002 2216 dedisse,
1056 2134 1131 2197 ut
1169 2132 1565 2217 parsimonia
1613 2131 1821 2198 victus
1874 2136 2067 2218 atque

130 2216 350 2281 cultus
407 2236 631 2282 omnes
684 2214 1227 2282 Lacedaemonios
1282 2218 1600 2303 vinceret3
1654 2216 1853 2283 fuisse
1898 2216 2070 2305 apud

130 2300 424 2380 Thracas
435 2349 455 2385 ‚
509 2299 806 2366 homines
859 2300 1229 2366 vinolentos
1284 2302 1602 2386 rebusque
1644 2301 1922 2368 veneriis
1964 2304 2068 2367 de-

131 2384 341 2451 ditos:
382 2384 507 2449 hos
549 2405 680 2469 quo
725 2405 806 2450 ue
848 2384 918 2448 in
960 2383 1063 2449 his
1093 2385 1286 2450 rebus
1328 2386 1772 2452 antecessisse:
1812 2386 2065 2451 venisse
2092 2398 2129 2448 5

131 2469 219 2534 ad
259 2468 493 2554 Persas
504 2518 525 2552 ‚
567 2490 695 2553 apu
781 2490 944 2553 quos
985 2490 1235 2534 summa
1274 2469 1416 2535 laus
1459 2472 1627 2534 esset
1663 2468 1922 2535 fortiter
1961 2490 2068 2534 ve·

130 2554 304 2637 nari,
343 2552 671 2618 luxuriose
711 2553 959 2618 vivere:
1001 2551 1236 2617 horum
1263 2553 1355 2618 sic
1382 2553 1704 2618 imitatum
1733 2556 2068 2619 consuetu-

31 2693 39 2712 ,
134 2633 405 2717 dinem,'
421 2640 498 2702 ut
537 2636 636 2700 illi
676 2637 802 2721 ipsi
845 2657 993 2703 eum
1033 2637 1106 2703 in
1145 2636 1250 2701 his
1277 2636 1552 2701 maxime
1582 2635 2065 2701 admirarentur.

32 2727 35 2736 “
136 2721 375 2820 quibus
429 2721 622 2786 rebus
673 2720 953 2786 effecisse
1004 2724 1082 2786 ut
1165 2720 1338 2805 apud
1390 2740 1823 2819 quoscumque
1879 2724 2063 2804 esset,
2091 2735 2129 2786 6

135 2826 442 2890 princeps
465 2809 815 2902 poneretur
836 2771 1307 2902 habereturque
1330 2805 1712 2873 carissimus.
1779 2804 1896 2871 sed
1911 2805 2066 2872 satis

137 2890 220 2957 de
259 2890 421 2956 hoc:
463 2889 747 2974 rehquos
791 2888 1132 2956 ordiamur.

904 3176 1305 3195 *un*

546 3459 1085 3572 *ds
