2409 3825
785 184 834 232 1.
893 184 1282 237 1116111066
1325 182 1377 232 4.
1419 181 1470 234 5.
2022 171 2068 239 5

135 319 469 384 miserunt.
530 318 680 384 inde
707 318 789 382 ad
816 296 1100 383 Atticam
1129 324 1531 385 accesserunt
1557 343 1632 386 66
1674 344 1819 386 61166
1848 315 2102 406 6011166’

136 404 207 467 111
251 424 551 486 campum
578 402 964 468 Marathona
990 402 1405 468 deduxerunt.
1481 406 1537 469 is
1580 410 1678 470 est
1715 407 1796 470 ab
1827 404 2064 491 oppido

137 488 393 552 circiter
432 487 615 552 milia
666 508 971 571 passuum
1022 487 1260 552 decem.
1360 489 1487 553 hoc
1537 490 1820 554 tumultu
1862 490 2062 557 Atho·
2089 505 2124 554 3

136 572 394 636 nienses
436 575 571 636 tam
602 571 969 655 propinquo
997 575 1131 636 tam
1177 593 1257 636 ue
1302 593 1538 670 magno
1567 573 1844 657 permoti
1887 576 2063 640 auxi-

114 656 298 721 ⁴lium
342 677 660 740 nusquam
700 656 828 719 nisi
870 678 910 719 a
951 655 1116 721 Lace
1236 658 1471 737 monils
1512 658 1883 740 petiverunt
1912 657 2065 723 Phi-

137 740 534 824 dippumque
563 761 885 805 cursorem
914 740 1051 804 eius
1078 741 1351 825 generis,
1397 742 1509 825 qui
1535 741 2062 807 hemerodromoe

136 828 455 889 vocantur
553 823 1098 889 Lacedaemonem
1162 825 1503 908 miserunt,
1577 830 1653 890 ut
1713 827 2062 906 nuntiaret,

24 984 28 989 ,
182 930 336 973 116111
389 874 580 973 celeri
624 929 785 992 opus
829 912 995 973 esset
1036 908 1296 976 auxilio,
1371 909 1545 973 domi
1587 913 1802 975 autem
1845 915 2065 975 creant
2091 924 2127 972 4

139 931 362 1057 decem
395 996 739 1076 praetores,
783 993 897 1075 qui
925 993 1232 1056 exercitui
1259 997 1654 1078 praeessent,
1699 995 1771 1058 in
1801 994 1892 1058 eis
1921 993 2067 1058 Mii-

137 1076 397 1141 tiadem.
454 1077 625 1141 inter
653 1097 814 1159 quos
841 1096 1080 1161 magna
1104 1076 1233 1140 fuit
1259 1078 1587 1143 contentio
1646 1082 1866 1143 utrum
1893 1100 2065 1145 moe-

24 1234 25 1251 ]
137 1161 332 1226 nibus
376 1182 444 1225 se
485 1159 918 1243 defenderent,
961 1183 1044 1224 an
1076 1161 1333 1225 obviam
1375 1162 1545 1226 irent
1583 1128 1876 1227 bostibus
1905 1164 2066 1228 acie-

24 1270 27 1317 :
139 1267 265 1328 que
308 1245 741 1309 decernerent.
828 1266 996 1308 unus
1038 1244 1360 1309 Miltiades
1397 1247 1671 1310 maxime
1713 1241 2059 1329 nitebahfi,
2090 1263 2123 1310 5

24 1328 35 1401 ζ
138 1334 212 1394 ut
242 1331 457 1412 primo
487 1350 742 1413 quoque
770 1333 1061 1412 tempore
1090 1333 1298 1394 castra
1323 1330 1578 1395 fierent:
1621 1330 1689 1394 id
1724 1330 1781 1395 61
1821 1330 2067 1397 factum

138 1417 336 1497 esset,
390 1417 457 1477 et
497 1413 742 1477 civibus
783 1414 1071 1477 animum
1113 1432 1539 1497 accessurum,
1774 1411 2068 1482 viderent
2109 1444 2146 1467 ν

138 1498 216 1563 de
285 1519 508 1563 eorum
562 1498 798 1562 virtute
849 1519 987 1562 non
1048 1495 1398 1581 desperari,
1456 1503 1522 1563 et
1621 1502 1791 1562 ostes
1845 1498 2066 1563 eadem

136 1604 208 1646 re
250 1581 394 1647 fore
433 1579 765 1664 tardiores,
810 1582 865 1645 61
893 1581 1474 1647 animadverterent
1500 1581 1720 1646 auderi
1761 1581 2064 1647 adversus

28 1694 39 1705 ·
138 1688 207 1731 66
250 1670 387 1730 16111
430 1666 677 1750 exiguis
719 1666 922 1749 copiis
965 1665 1273 1730 dimicari.

307 1749 454 1814 Hoc
515 1750 587 1813 in
659 1754 946 1833 tempore
1009 1750 1191 1813 nulla
1268 1750 1493 1814 civitas
1559 1749 2061 1815 Atheniensibus
2094 1750 2139 1817 5

32 1856 39 1881 ’-
136 1835 382 1900 auxilio
423 1833 552 1898 fuit
592 1837 846 1918 praeter
870 1833 1316 1901 Plataeenses..
1364 1854 1444 1897 ea
1481 1834 1659 1897 mille
1686 1835 1863 1898 misit
1900 1835 2064 1898 mili-

33 1900 49 2032 1
134 1923 298 1985 tum.
399 1919 424 1983 i
536 1940 618 1983 ue
668 1918 902 1983 horum
932 1919 1236 1992 =adventu
1291 1918 1509 1983 decem
1560 1919 1741 1983 milia
1791 1923 2064 1985 armato·

137 2026 285 2070 rum
312 2024 482 2069 -com
553 2006 658 2067 eta
707 2006 890 2086 sunt,
944 2024 1108 2086 quae
1156 2024 1387 2067 manus
1431 2004 1711 2068 mirabili
1751 2003 2067 2089 flagrabat

136 2111 226 2172 pu
408 2087 474 2151 di
517 2086 882 2171 cupiditate.
970 2109 1098 2171 quo
1141 2086 1385 2152 factum
1428 2091 1525 2151 est
1565 2091 1641 2151 ut
1680 2087 1825 2171 plus
1868 2110 2063 2172 quam
2090 2107 2123 2155 2

136 2170 790 2353 910016ῗὲ1811ῗέῗέἒέ
813 2170 2066 2339 ἓξὲθξῗυέἴὲἕέἓὲἓὲῗῖῗοζΐὲ

137 2341 375 2405 idoneo
409 2343 617 2404 castra
646 2340 958 2404 fecerunt.
1030 2336 1180 2403 dein
1208 2343 1468 2423 postero
1512 2341 1615 2405 die
1659 2341 1778 2404 sub
1821 2341 2062 2405 montis
2090 2352 2124 2400 3

44 2427 45 2440 ¹
138 2423 458 2490 radicibus
488 2424 623 2488 acie
649 2424 914 2507 regione
936 2423 1253 2488 instructa
1290 2445 1426 2488 non
1464 2425 1865 2507 apertissima
1883 2445 2066 2508 proe-

137 2509 300 2573 lium
336 2508 798 2573 commiserunt
824 2508 1129 2592 (namque
1163 2508 1424 2571 arbores
1451 2507 1672 2571 multis
1692 2507 1854 2572 locis
1883 2510 2070 2572 erant

137 2593 370 2677 rarae),
411 2592 538 2657 1106
579 2592 869 2675 601161110,
923 2595 1000 2655 ut
1040 2594 1107 2655 et
1147 2592 1468 2655 montium
1510 2589 1850 2655 altitudine
1890 2595 2067 2674 tege·

137 2681 366 2742 rentur
406 2680 474 2740 et
513 2677 815 2740 arborum
856 2678 1064 2739 tractu
1109 2675 1433 2758 equitatus
1474 2673 1759 2739 hostium
1801 2674 2064 2757 impedi-

138 2765 345 2843 retur,
389 2781 474 2824 ne
515 2758 926 2824 multitudine
969 2756 1434 2824 clauderentur.
1506 2757 1722 2841 Datis,
1766 2759 1887 2822 etsi
1929 2780 2063 2823 non
2092 2770 2128 2819 4

52 2867 53 2870 ¹
138 2865 420 2928 aequum
479 2844 695 2908 locum
743 2843 1004 2908 videbat
1044 2843 1208 2926 suis,
1263 2846 1483 2907 tamen
1533 2842 1740 2907 fretus
1794 2865 2064 2908 numero

54 2923 61 3012 Γ
138 2928 471 3012 copiarum
513 2949 772 2992 suarum
815 2927 1008 2992 conffi
1055 2945 1161 2991 ere
1201 2926 1527 3025 cupiebat,
1580 2947 1785 3011 eoque
1837 2928 2065 3013 magis,

54 3025 65 3078 '1
179 3012 340 3095 uod,
404 3012 584 3094 prius
629 3034 779 3077 uam
846 3011 1011 3075 Lace
1057 3012 1339 3076 aemomi
1401 3009 1684 3076 subsidio
1748 3012 2064 3090 venirent,
2115 3069 2128 3078 ,

58 3113 67 3124 ‘
140 3033 440 3162 dimicare
504 3118 549 3160 u
583 3097 596 3110 '
628 3117 664 3161 6
716 3096 1162 3160 arbitrabatur.
1260 3096 1286 3159 i
1398 3117 1479 3159 ue
1531 3095 1603 3160 in
1646 3096 1848 3159 aciem
1887 3094 2064 3179 pedi-

136 3183 275 3246 tum
330 3182 590 3246 centum
601 3230 622 3264 ,
676 3181 967 3276 equitum
1018 3178 1237 3245 decem
1287 3179 1378 3243 mi
1403 3179 1471 3243 ia
1522 3179 1829 3263 produxit
1878 3199 2065 3263 proe-

137 3263 421 3348 liumque
465 3263 802 3329 commisit.
880 3264 952 3327 in
995 3285 1123 3347 quo
1164 3267 1350 3328 tanto
1394 3262 1541 3345 plus
1569 3264 1806 3327 virtute
1849 3262 2061 3326 value-
2088 3272 2125 3320 5

137 3353 291 3413 runt
315 3348 767 3430 Athenienses,
811 3350 886 3411 ut
914 3346 1368 3431 decemplicem
1397 3367 1736 3409 numerum
1778 3345 2063 3410 hostium

138 3433 545 3519 profligarint
554 3483 573 3517 ,
636 3431 923 3515 adeoque
976 3452 1088 3495 eos
1137 3432 1649 3514 perterruerunt,
1704 3432 1781 3492 ut
1829 3427 2063 3492 Persae
