2409 3825
678 170 754 219 11.
819 172 1369 222 Tnnmsrocnss.
1418 171 1468 251 s.
1509 169 1562 221 τ.
1998 161 2071 225 11

135 306 401 371 munita
411 355 431 389 ,
478 326 640 390 quae
682 306 900 371 hostes
927 306 1346 391 possiderent,
1388 307 1820 376 Athenienses
1861 310 2075 375 aedifi-

137 394 368 459 cantes
403 389 744 474 prohibere
786 394 938 454 sunt
966 391 1198 455 conati.
1280 391 1407 456 hoc
1447 393 1641 478 longe
1670 393 1797 459 alio
1831 399 2074 478 specta·
2102 407 2136 455 3

135 475 259 539 bat
301 478 499 558 atque
527 474 729 538 videri
757 474 1079 540 volebant.
1152 475 1585 541 Athenienses
1628 478 1803 542 enim
1831 477 2076 543 duabus

139 559 470 641 victoriis,
515 557 925 623 Marathonia
980 562 1046 622 et
1086 556 1455 643 Salaminia,
1497 564 1747 625 tantam
1801 562 2077 646 gloriam

138 642 856 790 ffiffldsssmnesssffinoes
887 647 1071 740 erant
1106 645 1460 792 ἕπερξμῇ,
1505 649 1580 709 ut
1620 644 2079 794 intellcsgrtgrent

438 747 642 793 monn
726 748 762 791 e
859 747 1024 791 unci
1069 748 1109 791 a
1238 750 1294 791 s1
1336 751 1361 791 1
1416 749 1562 792 cum
1613 751 1695 792 ns

140 810 310 874 fore.
399 831 595 894 quare
649 831 758 875 eos
800 748 994 894 guam
1022 749 1515 876 pinfirmissimos
1571 833 1708 876 esse
1750 749 2078 879 gblebldlriti

140 899 493 991 postquam
520 899 735 1040 autem
762 893 1105 1042 aud-igrtznt
1118 916 1359 1043 ’murffl
1377 896 1557 1042 είῖυὶ,
1574 895 1847 1044 ἐξεώθει
1876 897 2076 1046 Athte·
2102 907 2139 958 4

142 998 272 1129 '1³32
306 999 666 1157 -325312221'325
692 1000 899 1126 23⁰¹&
920 1062 1001 1125 αθ
1041 999 1135 1159 {2¹
1158 1000 1256 1126 ri?
1271 1000 1519 1147 ιθξέἷόε
1561 1063 1643 1127 aa
1684 1002 2080 1131 ,35²0ssssssss

143 1166 259 1210 ros
298 1144 620 1210 dixerunt.
682 1145 852 1211 hanc
878 1145 1270 1230 legatmnem
1308 1148 1588 1231 suscepit
1614 1147 2075 1215 Themistocles
2102 1162 2136 1213 5

144 1234 216 1294 et
260 1228 439 1294 solus
479 1229 689 1313 primo
731 1229 1059 1312 profectus
1113 1235 1239 1295 est:
1305 1230 1537 1314 reliqui
1578 1232 1778 1316 legati
1820 1237 1894 1297 ut
1935 1237 2078 1299 tum

145 1313 435 1396 exirent,
478 1335 626 1378 cum
676 1314 831 1378 satis
888 1312 1005 1377 alti
1044 1314 1285 1378 tuendo
1337 1316 1508 1379 muri
1550 1317 1854 1381 exstructi
1906 1316 2078 1381 vide·
2125 1342 2144 1381 ς

146 1402 396 1478 rentur,
437 1386 791 1481 praecepit:
836 1397 1095 1461 interim
1138 1419 1381 1480 omnes,
1427 1399 1594 1463 servi
1636 1404 1829 1483 atque
1866 1400 2076 1483 liberi,

148 1503 319 1566 opus
360 1480 669 1546 facerent'
687 1501 897 1565 neque
940 1481 1058 1544 ulli
1107 1482 1251 1547 loco
1294 1486 1659 1566 parcerent,
1712 1484 1846 1547 sive
1901 1506 2079 1549 sacer

146 1569 280 1631 sive
310 1567 650 1647 profanu&
705 1566 840 1630 sive
891 1566 1180 1648 privatus
1236 1570 1405 1630 esset
1456 1566 1591 1631 sive
1633 1566 1956 1649 publicus,
2012 1572 2079 1632 et

149 1648 439 1733 undique
448 1699 467 1733 ,
534 1648 707 1734 quod
759 1647 1063 1725 idoneum
1134 1648 1217 1714 ad
1269 1648 1688 1715 muniendum
1751 1654 2075 1734 putarent,

36 1794 39 1829 :
150 1736 596 1818 congererent.
669 1753 798 1816 quo
841 1733 1086 1798 factum
1128 1737 1229 1798 est
1268 1737 1344 1797 ut
1368 1733 1867 1799 Atheniensium
1907 1736 2078 1800 muri

151 1838 232 1885 ex
274 1817 555 1883 sacellis*
570 1816 1048 1901 sepulchrisque
1101 1820 1490 1882 constarent.

36 1943 37 1982 3
321 1900 785 1967 Themistocles
848 1905 1092 1985 autem,
1155 1905 1234 1966 ut
1273 1899 1816 1968 Lacedaemonem
1876 1903 2075 1988 venit,
2109 1904 2150 1971 7

144 1987 331 2056 adire
359 1987 442 2052 ad
467 1986 880 2070 magistratus
905 1986 1121 2051 noluit
1149 1990 1217 2051 et
1243 1985 1419 2051 dedit
1446 2008 1725 2071 operam,
1770 1992 1843 2052 ut
1884 2010 2079 2072 quam

38 2095 41 2104 ·
153 2071 534 2156 longissime
583 2075 838 2155 tempus
891 2069 1179 2154 duceret,
1237 2091 1493 2135 causam
1544 2071 1963 2155 interponens
2007 2095 2077 2138 se

154 2155 440 2252 collegas
482 2157 864 2251 exspectare.
952 2175 1099 2251 qum
1125 2154 1617 2252 Lacedaemonii
1659 2159 2077 2253 quererentur
2102 2170 2137 2220 2
2166 2171 2178 2205 ⁸

38 2395 42 2400 ,
152 2261 321 2407 ᾓῖἓῗ
350 2237 1321 2407 Ξῧήᾍᾝῖξηῗῖᾘῇἶὲῖ
1346 2239 2080 2422 ἐὲῃὲἓοέῗῑῖῗέΐωὶἶξ
2183 2349 2211 2392 ,>

38 2419 39 2424 ’
155 2428 305 2490 Q
347 2405 629 2471 audisset
665 2427 804 2471 non
843 2407 1119 2471 multum
1161 2428 1489 2491 superesse
1532 2408 1941 2491 munitionis..
1998 2408 2082 2474 ad
2193 2455 2198 2462 -

38 2557 41 2568 ,
156 2491 439 2575 ephoros
464 2489 1114 2556 Lacedaemoniorum
1148 2493 1434 2574 accessit,
1477 2512 1675 2575 penes
1705 2512 1868 2574 quos
1910 2512 2081 2557 sum·

38 2573 39 2596 ¹
157 2597 337 2641 mum
379 2578 519 2639 erat
556 2575 913 2658 imperium,
957 2579 1149 2657 atque
1179 2574 1351 2656 apud
1393 2596 1503 2639 eos
1523 2575 1876 2642 contendit
1916 2574 2081 2641 falsa

38 2721 43 2740 ,
157 2659 238 2723 iis
279 2680 420 2723 esse
462 2657 701 2723 delata:
760 2679 955 2742 quare
998 2679 1274 2740 aequum
1317 2679 1454 2722 esse
1497 2657 1643 2722 illos
1670 2657 1845 2723 viros
1871 2659 2081 2724 bonos

157 2744 534 2826 nobilesque
574 2743 827 2807 mittere
840 2791 858 2824 ,
902 2742 1135 2826 quibus
1175 2739 1333 2807 fides
1375 2741 1746 2824 haberetur,
1789 2742 1903 2826 qui
1943 2762 2081 2809 rem

159 2829 595 2912 explorarent:
649 2828 897 2892 interea
949 2848 1017 2891 se
1061 2825 1349 2890 obsidem
1391 2827 1761 2891 retinerent.
1858 2830 2078 2912 gestus
2106 2841 2142 2889 3

159 2915 258 2976 est
298 2911 362 2975 ei
404 2932 574 2993 mos,
615 2914 873 2995 tresque
914 2910 1114 2995 legati
1154 2909 1363 2975 functi
1419 2910 1684 2976 summis
1724 2910 2082 2977 honoribus

158 2995 451 3059 Athenas
504 2995 685 3059 missi
728 2998 897 3058 sunt.
979 3015 1125 3059 cum
1165 2993 1270 3059 his
1312 2994 1592 3080 collegas
1634 3015 1785 3060 suos
1826 2994 2083 3071 Themi·

138 3077 393 3145 ‘stocles
434 3078 623 3142 iussit
661 3078 980 3161 proficisci
1021 3079 1102 3143 iis
1148 3100 1230 3142 ue
1272 3078 1615 3162 praedixit,
1660 3083 1736 3143 ut
1775 3098 1858 3142 ne
1901 3078 2083 3162 prius
2122 3120 2126 3124 .

38 3159 39 3204 Τ
160 3161 811 3233 Lacedaemoniorum
837 3162 1086 3246 legatos
1104 3099 1511 3227 1dimitterent
1532 3184 1725 3246 quam
1752 3162 1890 3245 ipse
1913 3169 2083 3227 esset

38 3263 45 3328 ’,
158 3246 480 3313 remissus.
567 3245 689 3310 hos
740 3251 1084 3329 postquam
1140 3245 1431 3310 Athenas
1485 3245 1850 3329 pervenisse
1902 3250 2078 3311 ratus
2106 3256 2144 3306 4

161 3336 286 3414 est,
349 3328 434 3394 ad
496 3330 906 3415 magistratus
958 3334 1380 3412 senatumque
1432 3328 2083 3394 Lacedaemoniorum

161 3413 319 3481 adiit
347 3418 416 3480 et
441 3413 613 3500 apud
642 3434 751 3479 eos
778 3412 1101 3479 liberrime
1129 3413 1455 3497 professus
1486 3418 1611 3478 est:
1653 3411 2083 3477 Athenienses
