2409 3825
272 142 278 148 ’
316 157 398 223 12
827 170 904 220 11.
965 169 1511 220 rusmsrocnas.
1556 167 1605 216 ⁷.
1645 166 1699 218 s.

314 329 432 375 suo
476 306 767 390 consili0‚
812 306 986 389 quod
1014 305 1340 370 communi
1369 305 1508 369 iure
1540 305 1832 390 gentium
1860 304 2076 371 facere
2102 326 2248 392 pos-

315 395 489 474 sent,
533 391 686 456 deos
727 389 1022 474 publicos
1061 409 1338 473 suosque
1380 389 1625 473 patrios
1667 409 1743 454 ac
1783 393 2073 474 penates,
2119 412 2250 487 guo

313 475 567 540 facilius
609 473 692 539 ab
734 475 922 538 hoste
962 476 1229 571 possent
1270 470 1638 556 defendere,
1689 473 1891 538 muris
1931 495 2250 558 saepsisse

256 573 290 623 ὅ
315 559 642 708 i1hequelin
669 579 759 707 εἴ)
777 557 950 642 quod
963 557 1207 706 tImffle
1236 560 1404 621 esset
1430 556 1738 704 &immae
1778 557 2042 706 &⁶33
2093 580 2250 623 nam

393 665 578 708 orum
638 664 717 706 ur
761 663 863 707 em
917 663 961 706 u
1052 661 1429 738 propugnac
1500 660 1611 705 um
1671 663 1902 727 opposi
2081 663 2252 707 -esse

315 727 632 809 barbaris,
688 725 858 810 apud
909 746 1102 808 quam
1143 747 1275 789 iam
1301 772 1308 779 -
1332 725 1433 790 bis
1477 724 1711 790 classes
1765 726 1975 811 regias
2016 725 2250 791 fecisse
2379 752 2380 769 ¹

256 825 291 877 6
317 811 745 896 naufragium.
831 808 1370 874 Lacedaemonios
1421 812 1639 874 autem
1680 809 1847 874 male
1901 813 1966 874 et
2006 810 2253 875 iniuste

316 896 549 978 facere,
595 895 708 978 qui
748 892 816 958 id
856 893 1074 976 potius
1116 893 1540 975 intuerentur,
1585 894 1762 977 quod
1799 894 2089 977 ipsorum
2135 894 2254 959 do-

315 978 659 1044 minationi
702 999 894 1062 quam
939 977 1113 1061 quod
1140 972 1477 1042 uniffersae
1508 976 1812 1042 Graeciae
1851 978 2011 1042 utile
2055 983 2250 1043 esset.

317 1085 532 1148 quare,
577 1063 634 1127 si
675 1083 824 1127 suos
852 1061 1100 1146 legatos
1128 1061 1411 1145 recipere
1441 1061 1702 1145 vellent,
1788 1082 1907 1126 uos
1949 1061 2253 1127 Athenas

277 1179 280 1183 v
315 1148 651 1230 miserant,
707 1168 776 1211 se
818 1146 1248 1229 remitterent,
1292 1166 1433 1211 cum
1475 1145 1663 1209 aliter
1703 1145 1751 1209 il
1779 1166 1851 1210 os
1888 1167 2252 1230 numquam

315 1231 388 1297 in
427 1231 703 1316 patriam
730 1233 960 1296 essent
997 1231 1336 1312 recepturi.
1381 1231 1390 1237 ⁴

242 1316 284 1381 8
486 1314 730 1380 Tamen
790 1335 929 1378 non
994 1313 1221 1398 effugit
1285 1314 1521 1378 civium
1582 1335 1845 1378 suorum
1909 1313 2249 1380 invidiam.

315 1396 2252 1578 ffissuesssssifiifflssmsufiffiaffmmiss’eqssi‘Z-ssaaffinz‘ssfftismfflg

176 1640 183 1645 ῃ
257 1581 289 1631 2
319 1533 680 1633 habitatum
735 1566 1066 1631 concessit.
1152 1565 1261 1630 hic
1317 1586 1463 1640 cum
1514 1570 1780 1650 propter
1831 1566 2066 1630 multas
2113 1567 2252 1630 vir-

314 1656 486 1716 tutes
544 1671 783 1735 magna
836 1672 980 1715 cum
1046 1649 1359 1734 dignitate
1387 1677 1400 1683 ··
1412 1649 1689 1733 viveret,
1748 1649 2246 1715 Lacedaemonii

316 1737 563 1820 legatos
606 1734 897 1798 Athenas
940 1735 1286 1817 miserunt,
1342 1734 1455 1817 qui
1498 1755 1645 1798 eum
1686 1735 2016 1798 absentem
2058 1755 2250 1799 accu-

316 1823 549 1902 sarent,
595 1817 767 1902 quod
795 1818 1165 1884 societatem
1191 1840 1338 1883 cum
1364 1837 1516 1902 rege
1558 1817 1753 1883 Perse
1791 1816 1873 1882 ad
1903 1816 2245 1883 Graeciam

317 1901 800 1986 opprimendam
853 1901 1126 1968 fecisset.
1235 1901 1362 1968 hoc
1415 1902 1681 1967 crimine
1743 1901 1973 1968 absens
2025 1902 2244 1988 prodi-

254 2000 288 2050 3
316 1987 514 2052 tionis
557 1986 893 2052 damnatus
936 1991 1051 2052 est.
1137 1985 1205 2051 id
1246 1990 1323 2051 ut
1362 1987 1635 2070 audivit,
1690 1986 1863 2070 quod
1903 2009 2041 2052 non
2084 1988 2264 2052 satis.

312 2075 528 2137 tutum
569 2092 637 2136 se
678 2072 875 2156 Argis
917 2069 1204 2154 videbat,
1259 2069 1605 2155 Corcyram
1657 2071 2056 2156 demigravit.
2142 2072 2244 2136 ibi

315 2177 461 2221 cum
491 2156 626 2220 eius
654 2155 976 2239 principes
1004 2154 1558 2220 animadvertisset
1583 2154 1827 2239 timere,
1859 2176 1944 2220 ne
1970 2176 2092 2240 pro
2135 2159 2244 2221 ter

315 2261 383 2304 se
435 2238 675 2303 bellum
730 2239 810 2302 iis
864 2238 1352 2303 Lacedaemonii
1408 2243 1473 2303 et
1528 2239 1959 2304 Athenienses
1998 2239 2072 2304 in
2119 2239 2244 2305 ‘ce-

314 2326 490 2405 rent‚
532 2322 615 2386 ad
641 2321 1017 2406 Admetum,
1072 2322 1427 2387 Molossum
1478 2343 1730 2407 regum,
1790 2344 1935 2388 cum
1991 2343 2121 2407 quo
2177 2324 2244 2389 ei

316 2406 670 2490 hospitium
724 2410 889 2490 erat,
946 2406 1258 2492 confugit.
1345 2407 1474 2470 huc
1527 2429 1671 2486 cum
1726 2408 2007 2472 venisset
2058 2411 2126 2472 et
2164 2409 2242 2473 in

255 2504 290 2553 4
317 2490 681 2575 praesentia
719 2511 834 2555 rex
875 2491 1152 2575 abesset,
1209 2512 1337 2574 quo
1381 2491 1622 2555 maiore
1665 2492 1976 2576 religione
2029 2511 2099 2556 se
2140 2512 2240 2557 re-

315 2579 569 2659 ceptum
598 2578 904 2660 tueretur,
943 2575 1144 2639 filiam
1173 2576 1311 2640 eius
1338 2576 1672 2658 parvulam
1699 2574 1971 2659 arripuit
1997 2578 2066 2641 et
2090 2596 2241 2641 cum

314 2682 391 2725 ea
432 2682 499 2725 se
542 2660 611 2724 in
640 2660 1016 2742 sacrarium,
1061 2658 1236 2743 quod
1276 2677 1525 2723 summa
1567 2658 1896 2723 colebatur
1935 2660 2243 2724 caerimo-

312 2745 464 2892 ’ἐίᾆῖ
486 2743 1013 2892 Ξίῗέἓιῗὲιὲῑῗ
1042 2743 1872 2909 ἓὲἒὲῗὲἑξέἔὲωηὲἑῗ
1896 2764 2241 2911 3343·ἑῇἘί

256 2925 289 2973 5
316 2933 469 2976 nam
511 2933 659 2994 cum
698 2913 779 2976 ab
822 2910 1327 2975 Atheniensibus
1372 2915 1437 2975 et
1486 2909 1614 2975 Lac
1696 2911 2004 2976 aemoniis
2048 2932 2244 2995 expo-

313 3000 595 3066 sceretur
680 2995 891 3060 ublice
903 3044 924 3078 ‚
966 3016 1041 3059 su
1132 2995 1322 3059 licem
1362 3015 1500 3059 non
1538 2994 1826 3078 prodidit
1860 2996 2242 3078 monuitque

313 3083 389 3144 ut
430 3101 630 3144 consu
657 3084 793 3144 eret
821 3078 976 3143 sibi:
1069 3079 1081 3090 '
1114 3077 1281 3142 ficile
1325 3073 1498 3146 enim
1539 3075 1700 3143 esse'³
1714 3079 1787 3142 in
1814 3082 1949 3144 tam
1976 3080 2242 3163 propin-

359 3183 446 3224 uo
499 3163 643 3227 loco
695 3165 839 3228 tuto
907 3183 1054 3226 eum
1116 3162 1412 3227 versari·
1476 3163 1693 3246 itaque
1745 3161 2038 3260 Pydnam
2091 3184 2240 3229 eum

254 3254 290 3302 c
361 3241 544 3305 educi
583 3244 769 3308 iussit
811 3248 878 3309 et
919 3244 1091 3328 quod
1133 3245 1288 3309 satis
1319 3248 1487 3310 esset
1524 3246 1824 3328 praesidii
1868 3246 2058 3320 dedit.
2132 3247 2242 3313 hic

314 3323 387 3385 in
447 3344 675 3388 navem
734 3329 1031 3391 omnibus
1077 3329 1340 3412 ignotus
1392 3329 1606 3393 nautis
1660 3329 1961 3395 escendit.
2074 3351 2244 3413 quae

315 3424 461 3494 cum
518 3408 895 3488 tempestate
948 3413 1230 3476 maxima
1277 3410 1536 3477 Naxum
1577 3411 1882 3498 ferretur,
1944 3414 2058 3478 ubi
2099 3419 2242 3480 tum
