2409 3825
332 161 419 226 44
905 170 1003 222 11.
1069 171 1503 221 11³n1an'rns.
1548 169 1597 219 2.
1635 168 1688 219 3.

149 335 175 385 ιι
264 327 307 377 ’4
333 310 605 396 fugavit,
636 329 764 394 quo
794 309 967 374 facto
997 327 1300 394 magnam
1330 307 1597 393 adeptus
1627 311 1724 373 est
1750 308 2044 394 gloriam.
2115 328 2262 401 ψ

334 396 722 459 Artaxerxes
754 393 1076 478 Aegyptio
1105 394 1246 478 regi
1266 392 1515 457 bellum
1549 392 1788 471 inferre
1821 394 2048 479 voluit,
2088 393 2124 459 I
2168 395 2264 460 hi—

334 482 554 544 eraten
583 478 663 543 ab
691 476 1197 542 Atheniensibus
1241 475 1468 541 ducem
1508 477 1760 561 petivit,
1791 478 1998 563 -quein
2037 500 2083 563 p
2194 480 2266 544 fi-

335 567 507 628 ceret
548 562 851 629 exercitui
908 560 1310 627 conducticio
1324 611 1343 646 ,
1400 561 1581 625 cuius
1622 582 1929 627 numerus
1988 580 2093 627 ΧΠ
2146 564 2264 628 mi·

334 648 492 711 lium
533 646 678 712 fuit.
789 667 978 731 quem
1022 645 1282 731 quidem
1340 645 1432 709 sic
1490 646 1668 713 omni
1712 645 2050 731 disciplina
2097 648 2265 711 mili·

333 731 459 797 tari
488 730 781 814 erudivit,
824 733 916 813 ut,
962 748 1153 814 quem
1195 729 1279 794 ad
1320 727 1582 795 modum
1670 729 1951 795 nondam
1989 730 2264 797 Fabiani

331 816 569 880 milites
597 814 875 879 Romani
903 813 1212 898 appellati
1254 817 1424 897 sunt,
1461 814 1552 879 sic
1579 812 1657 912 Ip
1711 813 2047 881 'cratenses
2091 816 2264 901 apud
2369 892 2370 895 Ἴ

273 916 306 965 5
337 898 615 964 Graecos
655 899 727 963 in
755 920 1003 964 summa
1042 897 1244 962 laude*
1260 897 1522 963 fuerint.
1609 898 1780 963 idem
1822 898 2106 964 subsidio
2142 900 2264 966 La-

334 982 760 1049 cedaemoniis
812 982 1138 1067 profectus
1190 980 1681 1066 Epaminondae
1746 982 2097 1048 retardavit
2146 985 2264 1049 im-

185 1075 189 1078 ’
329 1071 536 1152 petus.
621 1089 774 1132 nam
802 1067 929 1131 nisi
973 1066 1109 1131 eius
1137 1066 1451 1131 adventus
1480 1067 2081 1152 appropinquasset,
2124 1088 2265 1135 non

329 1152 509 1250 prius
522 1150 855 1300 (51131)ῗηί
923 1149 1155 1300 ὃὲατίια
1214 1151 1694 1235 abscessissent,
1763 1173 1955 1236 quam
2007 1156 2264 1237 captam

328 1255 521 1302 mcen
590 1257 629 1301 o
713 1257 746 1299 e
774 1257 958 1301 essen
990 1285 1004 1300 .

257 1324 298 1390 3
500 1318 654 1386 Fuit
681 1323 894 1385 autem
924 1323 989 1384 et
1016 1318 1233 1385 animo
1263 1339 1501 1405 magno
1531 1323 1600 1384 et
1621 1324 1892 1418 corpore
1918 1321 2263 1405 imperato-

270 1404 822 1555 ..qffi
866 1404 1124 1553 2231’120
1155 1404 2261 1556 ffaessssunffiffz.m·m1ssg..0³1.³tmmm..

333 1580 456 1659 que
497 1574 769 1660 patiens,
802 1538 888 1638 ’ut
904 1638 913 1647 ς
928 1568 1385 1657 Theopompus
1427 1573 1773 1638 memoriae
1799 1511 2104 1659 prodigit,
2147 1575 2261 1640 bo-

327 1680 452 1724 nus
504 1680 658 1725 vero
714 1657 872 1723 civis
925 1656 1176 1741 fideque
1219 1677 1473 1742 magna.
1563 1656 1735 1741 quod
1789 1677 1935 1722 cum
1989 1658 2060 1722 in
2116 1658 2261 1724 aliis

238 1782 241 1787 -
326 1743 518 1807 rebus
583 1741 956 1825 declaravit,
1019 1744 1160 1806 tum
1215 1741 1490 1805 maxime
1542 1741 1614 1805 in
1666 1742 1989 1826 Amyntae
2048 1741 2262 1810 Mace-

329 1826 514 1891 donis
554 1827 774 1891 liberis
815 1825 1090 1890 tuendis.
1167 1846 1447 1909 namque
1479 1824 1827 1910 Eurydice,
1870 1831 2079 1891 mater
2107 1826 2262 1893 Per-

328 1909 541 1976 diccae
595 1914 661 1976 et
700 1909 1019 1996 Philippi,
1078 1930 1224 1975 cum
1265 1909 1369 1975 his
1396 1908 1665 1976 'duobus
1714 1909 1929 1994 pueris
1968 1912 2262 1997 Amynta

325 1998 584 2060 mortuo
613 1995 694 2059 ad
721 1994 1089 2079 Iphicraten
1118 1994 1415 2081 confugit
1442 1995 1705 2080 eiusque
1733 1995 1963 2079 opibus
1992 1995 2262 2064 defensa

265 2094 299 2143 3
330 2082 445 2146 est.
531 2080 697 2145 vixit
737 2078 820 2144 ad
862 2083 1255 2145 senectutem
1307 2079 1576 2163 placatis
1627 2080 1699 2143 in
1753 2101 1821 2144 se
1863 2102 2128 2146 suorum
2173 2083 2261 2148 ci·

326 2164 504 2229 vium
547 2164 797 2229 animis.
885 2185 1143 2229 causam
1185 2163 1413 2247 capitis
1456 2163 1650 2228 semel
1694 2162 1884 2247 dixit,
1937 2164 2113 2231 bello
2158 2188 2262 2233 so-

327 2247 504 2330 ciali,
550 2247 741 2311 simul
785 2267 930 2312 cum
972 2247 1345 2333 Timotheo,
1403 2268 1607 2331 eoque
1646 2247 1882 2312 iudicio
1927 2252 2026 2313 est
2071 2252 2263 2317 abso-

265 2345 298 2395 4
327 2331 520 2395 lutus.
603 2330 979 2396 Menesthea
1019 2331 1226 2404 filium
1267 2331 1530 2416 reliquit
1570 2353 1649 2396 ex
1690 2330 1967 2397 Thrassa
2005 2338 2263 2422 natum,

328 2413 475 2481 Coti
516 2415 688 2501 regis
729 2415 882 2481 filia.
969 2416 1026 2481 is
1067 2436 1214 2502 Q
1240 2407 1764 2501 interrogaretur,
1803 2420 2022 2481 utrum
2096 2418 2265 2487 luris

323 2502 575 2584 patrem
617 2502 970 2566 matremne
1012 2500 1270 2586 faceret,
1318 2498 1634 2566 ‘niatrem’
1677 2501 1908 2599 inquit.
1995 2502 2021 2566 i
2105 2501 2264 2588 “qum

326 2584 624 2651 omnibus
680 2586 915 2649 mirum
969 2584 1320 2670 videretur,
1396 2588 1468 2650 at
1530 2584 1641 2649 ille
1697 2589 1974 2650 ‘mento’
2021 2585 2266 2672 inquit

326 2669 554 2735 ‘faciot
597 2691 750 2734 nam
793 2673 995 2753 pater,
1040 2673 1356 2753 quantum
1395 2670 1468 2733 in
1510 2690 1579 2733 se
1620 2669 1764 2754 fuit,
1793 2665 2109 2739 Thracem
2149 2693 2264 2742 me

323 2755 569 2839 genuit,
614 2757 839 2821 contra
880 2775 958 2820 ea
1001 2757 1208 2817 mater
1249 2753 1759 2819 Atheniensem?

1586 2905 1712 2932 ,δν-ι

865 3119 870 3124 ’
902 3108 1061 3185 XII.
1164 3108 1658 3185 OHABRIAS.

250 3252 285 3314 1
492 3251 800 3320 Chabrias
855 3255 1292 3322 Atheniensis.
1388 3256 1498 3323 hic
1550 3279 1808 3343 quoque
1860 3259 1931 3324 in
1984 3256 2259 3329 summi‘s

317 3330 579 3429 habitus
633 3341 731 3402 est
786 3336 1054 3404 ducibus
1106 3361 1334 3426 resque
1388 3341 1625 3407 multas
1666 3345 1982 3410 memoria
2021 3345 2262 3432 dignas

317 3418 536 3497 gesslt.
625 3419 736 3484 sed
779 3440 858 3536 eff
899 3422 981 3487 iis
1037 3423 1246 3489 elucet
1286 3425 1564 3491 maxime
1606 3425 1944 3534 inventum
1999 3429 2142 3497 eius
2183 3431 2258 3498 in
