2409 3825
134 204 254 268 198
513 238 531 255 ·
898 250 903 255 .
946 286 950 290 .
1085 205 1166 266 v1

297 371 557 449 languida
578 374 885 432 semanimo
909 391 1034 432 eum
1058 392 1304 453 corpore
1327 373 1573 435 membra
1594 373 1824 438 videres

232 470 246 481 ·
298 455 522 515 horrida
544 456 796 534 paedore
827 465 886 516 et
907 458 1104 535 pannis
1130 468 1406 535 cooperta
1432 459 1622 536 perire
1639 504 1656 536 ‚

299 539 327 624 Η
358 540 614 618 eorporis
641 539 850 599 inluvie
868 585 886 617 ,
911 539 1052 618 pelli
1076 560 1253 619 super
1281 542 1508 603 ossibus
1531 560 1638 601 una
1655 588 1673 620 ,
1702 540 1729 625 Η

299 624 587 686 ulceribus
612 626 804 684 taetris
828 641 1012 702 prope
1035 626 1141 684 iam
1172 626 1442 703 sordique
1466 624 1708 703 sepulta.

133 717 271 772 1270
301 710 484 769 omnia
509 708 754 786 denique
780 716 971 767 saneta
996 708 1162 768 deum
1186 708 1418 769 delubra
1443 707 1695 785 replerat

306 791 642 872 corporibus
664 808 816 850 mors
841 793 1111 856 exanimis
1136 803 1482 871 onerataque
1503 795 1713 870 passim

299 884 505 937 cuneta
531 875 898 935 cadaveribus
924 874 1237 936 caelestum
1257 875 1469 953 templa
1484 877 1715 937 tenebat
1734 923 1750 954 ,

296 960 620 1037 hospitibus
641 956 770 1017 loca
793 976 936 1037 quae
962 958 1313 1038 complerant
1332 959 1709 1020 aedituentes.

298 1062 409 1105 nee
434 1044 542 1102 iam
563 1042 768 1118 relig-io
793 1042 980 1101 divom
1003 1061 1113 1102 nec
1135 1045 1355 1102 numina
1378 1044 1562 1120 magni

132 1135 267 1191 1275
301 1125 692 1205 pendebantur
714 1127 889 1184 enim:
914 1143 1188 1204 praesens
1214 1125 1377 1186 dolor
1401 1127 1794 1205 exsuperabat.

295 1229 405 1270 nec
429 1227 553 1270 mos
578 1208 676 1268 ille
701 1208 1031 1287 sepulturae
1062 1210 1388 1270 remanebat
1411 1212 1466 1269 in
1496 1211 1637 1270 urbe
1654 1257 1672 1287 ,

297 1312 411 1374 quo
432 1295 560 1372 pius
584 1294 678 1352 hic
701 1291 948 1372 populus
977 1310 1209 1371 semper
1233 1304 1533 1354 consuerat
1562 1293 1802 1355 humari:

295 1378 658 1459 perturbatus
681 1377 831 1436 enim
852 1385 1006 1436 totus
1031 1376 1387 1455 trepidabat,
1418 1387 1477 1437 et
1499 1396 1642 1439 unus

298 1463 539 1540 quisque
562 1478 723 1522 suum
746 1478 850 1539 pro
874 1479 936 1520 re
963 1469 1309 1538 conpos-tum
1330 1471 1577 1525 maestus
1603 1461 1878 1523 humabat.

132 1555 267 1610 1280
292 1546 577 1623 multaque
601 1563 767 1606 mors
789 1545 972 1604 subita
995 1554 1052 1604 et
1083 1554 1386 1623 paupertas
1408 1544 1633 1605 horrida
1657 1547 1862 1607 suasit:

296 1647 538 1708 namque
561 1646 698 1689 suos
724 1630 1175 1706 consanguineos
1199 1627 1380 1688 aliena
1394 1645 1663 1705 rogorum

297 1715 532 1791 insuper
554 1721 813 1772 extructa
833 1713 1048 1788 ingenti
1073 1710 1319 1772 elamore
1343 1711 1637 1790 locabant,

298 1797 734 1874 subdebantque
759 1795 918 1855 faces
934 1841 952 1872 ‚
978 1794 1155 1855 multo
1179 1813 1307 1854 cum
1329 1797 1602 1874 sanguine
1625 1814 1801 1875 saepe

298 1883 547 1943 rixantes
572 1881 760 1960 potius
786 1897 949 1958 quam
976 1896 1220 1958 corpora
1244 1878 1661 1941 desererentur.
