2409 3825
953 162 1378 219 PRAEFATIO.
2140 182 2177 220 v

142 337 354 388 iterata
382 337 514 387 sunt
543 348 615 387 ex
646 333 899 388 clausula
930 332 1190 388 versiculi
1218 336 1384 390 1007:
1416 331 1759 403 primoribus
1780 347 1856 389 ex
1879 331 2170 388 elementis.

140 416 349 487 Neque
380 415 568 472 habeo
608 432 708 470 cur
738 418 907 472 talem
941 417 1293 472 librariorum
1321 416 1720 487 negligentiam
1750 417 1809 471 in
1846 415 1981 471 solis
2017 418 2171 471 clau-

136 501 288 555 aulis
326 500 584 572 grassari
619 499 835 569 dicam,
880 516 1007 556 cum
1050 499 1294 556 eandem
1338 499 1614 571 peccandi
1646 501 2006 556 occasionem
2041 500 2170 555 reli-

136 599 298 655 quae
348 600 576 655 quoque
623 585 1028 641 versiculorum
1067 584 1330 655 regiones
1372 585 1700 655 praebeant.
1796 584 1993 651 Velut,
2038 600 2166 639 cum

138 669 273 746 libri
308 667 386 721 VI
417 684 618 724 versus
654 672 776 737 509,
807 673 911 727 510
939 668 1020 723 sic
1047 668 1382 722 scribantur:
1849 685 1859 692 ·

358 759 465 811 509
503 759 756 811 confertae
794 762 954 810 nubes
984 775 1180 810 muenn
1207 762 1402 809 mittere
1425 769 1620 811 certant

356 829 462 881 510
500 830 769 894 dupliciter
792 845 909 879 nam
938 827 1157 880 mfuentt
1184 829 1436 879 contrudit
1463 838 1512 878 et
1543 831 1655 904 ipsa

151 913 340 984 magis
378 914 602 972 videtur
636 916 815 971 simile
862 933 991 972 esse
1035 916 1188 988 veri,
1232 918 1531 971 aberrasse
1565 916 1761 971 oculos
1798 914 2176 985 librariorum,

142 995 285 1051 dusn
311 999 565 1069 priorem
597 1016 824 1056 versum
848 1004 951 1059 509
980 1001 1257 1061 scribunt.
1299 1003 1355 1054 in
1396 999 1639 1055 eandem
1679 998 2007 1070 posterioris
2037 1015 2170 1057 ver-

140 1096 246 1135 sus
279 1087 387 1139 510
416 1084 742 1154 regionem,
774 1100 940 1154 quam
971 1100 1005 1138 a
1035 1084 1290 1140 Lucretio
1321 1085 1378 1138 in
1403 1099 1576 1140 versu
1610 1086 1713 1141 509
1744 1081 1804 1137 id
1834 1084 2172 1140 vocabulum

138 1165 421 1235 scriptum
453 1184 613 1235 esse,
645 1168 798 1237 quod
820 1184 890 1223 ex
920 1168 1172 1239 apicibus
1201 1168 1509 1223 litterarum
1535 1183 1749 1224 mamm
1780 1165 2084 1224 Creechius
2116 1173 2172 1222 et

144 1247 544 1305 Lachmannus,
573 1259 863 1306 eruerunt:
886 1254 1142 1320 umentia,
1164 1251 1317 1322 quod
1345 1251 1571 1323 quidem
1585 1266 1785 1323 parum
1807 1251 2168 1307 commenda-

145 1332 256 1385 bile
285 1340 375 1388 est
403 1350 438 1389 a
467 1334 634 1391 laude
666 1336 1056 1407 simplicitatis,
1089 1352 1257 1407 quam
1281 1336 1336 1391 in
1361 1336 1616 1391 Lucretio
1650 1335 2014 1406 conspicuam
2038 1352 2167 1391 esse

142 1416 351 1471 totiens
401 1419 596 1473 merito
642 1420 994 1490 praedicavit
1025 1419 1436 1475 Lachmannus.
1478 1450 1548 1460 —
1594 1420 1768 1476 Porro
1803 1435 1930 1477 cum
1964 1436 2168 1479 versus

137 1502 265 1569 893,
295 1504 404 1559 894
435 1502 559 1557 libri
589 1502 664 1557 lV
693 1504 767 1559 ita
789 1505 1048 1575 legantur
1075 1505 1133 1559 in
1164 1504 1486 1560 codicibus:

350 1592 455 1644 803
484 1596 730 1659 corporis.
761 1595 845 1645 hic
872 1597 1028 1662 igitur
1046 1598 1198 1648 rebus
1226 1597 1281 1647 fit
1308 1599 1556 1660 utrimque
1584 1600 1780 1649 duabus

362 1662 470 1714 894
498 1665 728 1729 corporis
752 1674 874 1716 utac
898 1667 1044 1716 navis
1066 1667 1190 1716 velis
1222 1674 1470 1729 ventoque
1496 1666 1712 1730 feratur.

143 1750 404 1818 profecto
437 1751 617 1805 minus
653 1752 920 1807 audacter
957 1753 1003 1807 is
1050 1754 1261 1825 egerit,
1309 1753 1402 1823 qui
1434 1754 1688 1824 corporis
1731 1750 1788 1805 in
1831 1750 2161 1821 posteriorIS

143 1849 351 1888 versus
382 1833 596 1889 initium
628 1850 709 1890 ex
743 1835 895 1890 initio
922 1838 1238 1907 superioris
1277 1836 1523 1892 delatum
1553 1843 1719 1907 atque
1753 1834 1835 1889 sic
1882 1833 2167 1889 Lucretia-

141 1932 274 1971 nam
318 1918 659 1988 orationem,
708 1920 863 1975 cuius
911 1921 1150 1994 vestigia
1188 1922 1247 1976 iu
1290 1922 1581 1978 vocabulis
1627 1926 1688 1977 ut
1728 1936 1798 1974 ac
1859 1920 2162 1990 supersint,

141 2001 388 2072 periisse
421 2002 848 2073 existimaverit,
897 2021 1065 2077 quam
1107 2006 1200 2078 qui
1228 2021 1299 2062 ac
1328 2005 1462 2060 illud
1496 2022 1624 2060 cum
1653 2005 1871 2059 Mureto
1900 2009 1954 2059 et
1981 2002 2156 2059 Lach

142 2100 357 2140 manno
376 2085 624 2141 funditus
648 2086 938 2143 deleverit.
966 2119 1049 2132 -—-
1082 2089 1269 2161 Atque
1299 2089 1443 2145 haec
1475 2090 1705 2161 quidem
1730 2087 1899 2143 huius
1931 2088 2159 2181 generis

139 2171 409 2241 exempla
441 2171 576 2225 satis
610 2177 790 2226 sunt0.

266 2254 565 2325 Pergimus
586 2255 659 2310 ad
681 2258 916 2312 alterum
947 2258 1390 2328 corruptelarum
1416 2272 1616 2328 genuS,
1639 2256 1791 2326 quod
1819 2260 2077 2312 versatur
2105 2257 2161 2310 in

140 2337 392 2393 insiticiis
422 2343 477 2393 et
502 2339 775 2395 vocabulis
809 2345 862 2396 et
890 2341 1194 2396 versiculis.
1258 2340 1377 2395 Hoc
1408 2355 1632 2411 quoque
1662 2356 1843 2411 genus
1871 2339 2158 2410 aliquanto

143 2421 305 2477 latius
340 2425 538 2493 patere
583 2428 749 2495 putu,
794 2440 962 2494 quam
997 2423 1055 2479 id
1086 2425 1358 2496 persequi
1387 2425 1565 2482 voluit
1594 2422 2018 2492 Lachmannus,
2066 2423 2161 2493 qui

143 2503 373 2575 quidem
409 2508 725 2578 aegerrIme
773 2525 841 2564 eo
885 2507 1091 2564 adduci
1129 2510 1381 2581 potuisse
1422 2509 1676 2577 videtur,
1710 2515 1769 2562 ut
1810 2508 2160 2579 singulorum

143 2590 550 2645 vocabulorum
587 2593 932 2663 glossemata
970 2593 1314 2648 Lucretianis
1366 2593 1624 2650 versibus
1666 2591 1981 2647 intermixta
2028 2608 2158 2647 esse

144 2673 439 2746 crederet,
468 2690 805 2747 quamquam
840 2682 894 2731 et
921 2678 991 2732 ab
1023 2677 1264 2749 antiquis
1299 2676 1676 2749 grammaticis
1707 2682 2029 2731 annotatum
2057 2692 2157 2731 ex·

146 2756 521 2828 pileatumque
546 2775 677 2814 esse
705 2760 946 2816 Lucretii
977 2777 1204 2817 carmen
1235 2762 1379 2816 inter
1403 2775 1601 2814 omnes
1632 2764 1850 2815 constat
1875 2766 1928 2815 et
1957 2776 2155 2814 recen·

144 2841 341 2896 tiorum
368 2842 862 2914 interpretamenta
895 2844 1200 2901 admodum
1232 2845 1365 2902 vilia
1408 2844 1725 2899 etiamnunc
1756 2860 1989 2900 cernere
2030 2844 2161 2899 licet

147 2924 312 3001 prior-i
355 2926 481 2981 libri
520 2926 686 2998 primi
731 2929 877 3000 part}
929 2930 1172 3001 ascripta
1229 2930 1287 2985 in
1346 2927 1601 3000 Oblongo
1648 2927 1866 2984 codice.
1969 2927 2156 2999 Atque

151 3009 268 3079 ipse
296 3009 721 3081 Lachmannus,
769 3013 873 3068 etsi
912 3013 1022 3068 hoc
1061 3031 1245 3086 genus
1273 3014 1413 3068 alias
1446 3012 1797 3084 repudiavit,
1839 3017 2158 3069 nostrorum

148 3092 400 3149 codicum
425 3095 611 3150 tollere
636 3096 677 3166 1,
689 3099 759 3155 66
782 3097 961 3169 eiecit,
991 3099 1122 3169 quia
1144 3115 1179 3155 a
1203 3096 1460 3153 Lucretio
1487 3097 1754 3168 scriptum
1780 3113 1911 3152 esse
1933 3097 2159 3152 tendere

78 3246 84 3253 ἢ
154 3182 377 3232 testatur
396 3178 638 3248 Nonius,
689 3196 874 3253 neque
913 3183 972 3237 in
1006 3197 1209 3238 versus
1239 3183 1370 3251 674,
1407 3183 1509 3240 787
1550 3180 1675 3235 libri
1705 3180 1778 3234 III
1806 3196 1910 3252 pro
1941 3181 2155 3236 rariore

145 3260 412 3318 adverbio
434 3263 680 3336 lonyiter,
703 3267 857 3336 quod
878 3266 1011 3337 legrt
1026 3264 1257 3337 Nonius
1281 3264 1477 3323 venire
1502 3264 1681 3335 potuit
1703 3264 1915 3336 lonqius
1928 3262 2156 3319 aliunde

149 3359 305 3415 quam
337 3361 410 3403 ex
439 3348 801 3418 glossemate.
864 3351 1056 3420 Itaque
1090 3348 1366 3404 eiusmodi
1402 3346 1537 3417 quid
1567 3348 1734 3402 etiam
1762 3346 2028 3415 v1,1133
2060 3361 2151 3398 ac—

147 3428 344 3487 cidisse
379 3436 436 3484 ut
461 3447 568 3502 per
597 3431 1148 3505 Interpretamentum
1181 3436 1508 3502 corruptum
1538 3427 1926 3484 extruderetur
1956 3425 2150 3496 genui
