<?xml version="1.0" encoding="UTF-8"?>
<!DOCTYPE html PUBLIC "-//W3C//DTD XHTML 1.0 Transitional//EN"
    "http://www.w3.org/TR/xhtml1/DTD/xhtml1-transitional.dtd">
<html xmlns="http://www.w3.org/1999/xhtml" xml:lang="en" lang="en">
 <head>
  <title>
</title>
<meta http-equiv="Content-Type" content="text/html;charset=utf-8" />
  <meta name='ocr-system' content='tesseract 3.04.00' />
  <meta name='ocr-capabilities' content='ocr_page ocr_carea ocr_par ocr_line ocrx_word'/>
</head>
<body>
  <div class='ocr_page' id='page_1' title='image "./tlucreticarider01unkngoog_0173.png"; bbox 0 0 2409 3825; ppageno 0'>
   <div class='ocr_carea' id='block_1_1' title="bbox 1157 149 1213 207">
    <p class='ocr_par' dir='ltr' id='par_1_1' title="bbox 1157 149 1213 207">
     <span class='ocr_line' id='line_1_1' title="bbox 1157 149 1213 207; baseline 0 -47"><span class='ocrx_word' id='word_1_1' title='bbox 1157 149 1213 207; x_wconf 65' lang='lat' dir='ltr'><strong>v</strong></span> 
     </span>
    </p>
   </div>
   <div class='ocr_carea' id='block_1_2' title="bbox 210 312 1994 3493">
    <p class='ocr_par' dir='ltr' id='par_1_2' title="bbox 210 312 1994 732">
     <span class='ocr_line' id='line_1_2' title="bbox 210 312 1994 397; baseline 0.001 -18"><span class='ocrx_word' id='word_1_2' title='bbox 210 324 320 379; x_wconf 82' lang='lat'><strong>955</strong></span> <span class='ocrx_word' id='word_1_3' title='bbox 346 338 461 378; x_wconf 88' lang='lat' dir='ltr'><strong>nec</strong></span> <span class='ocrx_word' id='word_1_4' title='bbox 489 335 784 378; x_wconf 86' lang='lat' dir='ltr'><strong>commune</strong></span> <span class='ocrx_word' id='word_1_5' title='bbox 807 317 1014 377; x_wconf 90' lang='lat' dir='ltr'><strong>bonum</strong></span> <span class='ocrx_word' id='word_1_6' title='bbox 1035 326 1300 396; x_wconf 89' lang='lat' dir='ltr'><strong>poterant</strong></span> <span class='ocrx_word' id='word_1_7' title='bbox 1323 328 1588 397; x_wconf 84' lang='lat' dir='ltr'><strong>spectare</strong></span> <span class='ocrx_word' id='word_1_8' title='bbox 1606 364 1624 395; x_wconf 87' lang='lat'>‚</span> <span class='ocrx_word' id='word_1_9' title='bbox 1653 334 1839 396; x_wconf 84' lang='lat' dir='ltr'><strong>neque</strong></span> <span class='ocrx_word' id='word_1_10' title='bbox 1863 312 1994 380; x_wconf 86' lang='lat' dir='ltr'><strong>ullis</strong></span> 
     </span>
     <span class='ocr_line' id='line_1_3' title="bbox 348 402 1614 478; baseline -0.001 -17"><span class='ocrx_word' id='word_1_11' title='bbox 348 403 606 462; x_wconf 89' lang='lat' dir='ltr'><strong>moribus</strong></span> <span class='ocrx_word' id='word_1_12' title='bbox 624 402 771 460; x_wconf 89' lang='lat' dir='ltr'><strong>inter</strong></span> <span class='ocrx_word' id='word_1_13' title='bbox 798 420 864 462; x_wconf 89' lang='lat' dir='ltr'><strong>se</strong></span> <span class='ocrx_word' id='word_1_14' title='bbox 888 402 1106 461; x_wconf 87' lang='lat' dir='ltr'><strong>scibant</strong></span> <span class='ocrx_word' id='word_1_15' title='bbox 1127 420 1238 461; x_wconf 88' lang='lat' dir='ltr'><strong>nec</strong></span> <span class='ocrx_word' id='word_1_16' title='bbox 1262 402 1488 478; x_wconf 87' lang='lat' dir='ltr'><strong>legibus</strong></span> <span class='ocrx_word' id='word_1_17' title='bbox 1517 403 1614 460; x_wconf 88' lang='lat' dir='ltr'><strong>uti.</strong></span> 
     </span>
     <span class='ocr_line' id='line_1_4' title="bbox 352 484 1855 564; baseline 0.001 -20"><span class='ocrx_word' id='word_1_18' title='bbox 352 485 512 564; x_wconf 86' lang='lat' dir='ltr'><strong>quod</strong></span> <span class='ocrx_word' id='word_1_19' title='bbox 536 487 742 563; x_wconf 88' lang='lat' dir='ltr'><strong>cuique</strong></span> <span class='ocrx_word' id='word_1_20' title='bbox 769 485 1051 545; x_wconf 89' lang='lat' dir='ltr'><strong>obtulerat</strong></span> <span class='ocrx_word' id='word_1_21' title='bbox 1077 484 1325 564; x_wconf 81' lang='lat' dir='ltr'><strong>praedae</strong></span> <span class='ocrx_word' id='word_1_22' title='bbox 1350 486 1605 562; x_wconf 82' lang='lat' dir='ltr'><strong>fortuna,</strong></span> <span class='ocrx_word' id='word_1_23' title='bbox 1633 485 1855 545; x_wconf 79' lang='lat' dir='ltr'><strong>ferebat</strong></span> 
     </span>
     <span class='ocr_line' id='line_1_5' title="bbox 351 568 1865 649; baseline -0.003 -18"><span class='ocrx_word' id='word_1_24' title='bbox 351 579 563 649; x_wconf 87' lang='lat' dir='ltr'><strong>sponte</strong></span> <span class='ocrx_word' id='word_1_25' title='bbox 589 586 691 630; x_wconf 86' lang='lat' dir='ltr'><strong>sua</strong></span> <span class='ocrx_word' id='word_1_26' title='bbox 715 569 822 629; x_wconf 90' lang='lat' dir='ltr'><strong>sibi</strong></span> <span class='ocrx_word' id='word_1_27' title='bbox 854 570 1094 647; x_wconf 87' lang='lat' dir='ltr'><strong>quisque</strong></span> <span class='ocrx_word' id='word_1_28' title='bbox 1118 568 1315 628; x_wconf 89' lang='lat' dir='ltr'><strong>valere</strong></span> <span class='ocrx_word' id='word_1_29' title='bbox 1341 578 1398 628; x_wconf 91' lang='lat' dir='ltr'><strong>et</strong></span> <span class='ocrx_word' id='word_1_30' title='bbox 1421 570 1617 628; x_wconf 87' lang='lat' dir='ltr'><strong>vivere</strong></span> <span class='ocrx_word' id='word_1_31' title='bbox 1644 569 1865 629; x_wconf 88' lang='lat' dir='ltr'><strong>doctus.</strong></span> 
     </span>
     <span class='ocr_line' id='line_1_6' title="bbox 352 651 1807 732; baseline -0.001 -19"><span class='ocrx_word' id='word_1_32' title='bbox 352 663 417 713; x_wconf 90' lang='lat' dir='ltr'><strong>et</strong></span> <span class='ocrx_word' id='word_1_33' title='bbox 444 652 639 712; x_wconf 90' lang='lat' dir='ltr'><strong>Venus</strong></span> <span class='ocrx_word' id='word_1_34' title='bbox 661 654 717 711; x_wconf 90' lang='lat' dir='ltr'><strong>in</strong></span> <span class='ocrx_word' id='word_1_35' title='bbox 744 651 905 712; x_wconf 83' lang='lat' dir='ltr'><strong>silvis</strong></span> <span class='ocrx_word' id='word_1_36' title='bbox 930 653 1198 730; x_wconf 88' lang='lat' dir='ltr'><strong>iungebat</strong></span> <span class='ocrx_word' id='word_1_37' title='bbox 1230 670 1474 732; x_wconf 83' lang='lat' dir='ltr'><strong>corpora</strong></span> <span class='ocrx_word' id='word_1_38' title='bbox 1502 662 1807 712; x_wconf 83' lang='lat' dir='ltr'>amantum:</span> 
     </span>
    </p>

    <p class='ocr_par' dir='ltr' id='par_1_3' title="bbox 211 735 1881 1148">
     <span class='ocr_line' id='line_1_7' title="bbox 211 735 1734 815; baseline -0.004 -15"><span class='ocrx_word' id='word_1_39' title='bbox 211 744 328 800; x_wconf 86' lang='grc'><strong>960</strong></span> <span class='ocrx_word' id='word_1_40' title='bbox 353 736 693 797; x_wconf 81' lang='lat' dir='ltr'>conciliabat</span> <span class='ocrx_word' id='word_1_41' title='bbox 716 736 862 795; x_wconf 91' lang='lat' dir='ltr'><strong>enim</strong></span> <span class='ocrx_word' id='word_1_42' title='bbox 884 735 979 794; x_wconf 88' lang='lat' dir='ltr'><strong>vel</strong></span> <span class='ocrx_word' id='word_1_43' title='bbox 1002 747 1191 796; x_wconf 92' lang='lat' dir='ltr'><strong>mutua</strong></span> <span class='ocrx_word' id='word_1_44' title='bbox 1222 754 1498 815; x_wconf 86' lang='lat' dir='ltr'><strong>quamque</strong></span> <span class='ocrx_word' id='word_1_45' title='bbox 1527 737 1734 814; x_wconf 89' lang='lat' dir='ltr'><strong>cupido</strong></span> 
     </span>
     <span class='ocr_line' id='line_1_8' title="bbox 355 819 1621 900; baseline 0 -21"><span class='ocrx_word' id='word_1_46' title='bbox 355 821 456 880; x_wconf 86' lang='lat' dir='ltr'><strong>vel</strong></span> <span class='ocrx_word' id='word_1_47' title='bbox 476 819 728 879; x_wconf 86' lang='lat' dir='ltr'><strong>violenta</strong></span> <span class='ocrx_word' id='word_1_48' title='bbox 754 821 858 877; x_wconf 89' lang='lat' dir='ltr'><strong>viri</strong></span> <span class='ocrx_word' id='word_1_49' title='bbox 881 821 968 879; x_wconf 89' lang='lat' dir='ltr'><strong>vis</strong></span> <span class='ocrx_word' id='word_1_50' title='bbox 992 829 1164 898; x_wconf 84' lang='lat' dir='ltr'><strong>atque</strong></span> <span class='ocrx_word' id='word_1_51' title='bbox 1186 822 1425 900; x_wconf 87' lang='lat' dir='ltr'><strong>inpensa</strong></span> <span class='ocrx_word' id='word_1_52' title='bbox 1448 819 1621 879; x_wconf 83' lang='lat' dir='ltr'><strong>libido</strong></span> 
     </span>
     <span class='ocr_line' id='line_1_9' title="bbox 356 901 1881 982; baseline 0.001 -21"><span class='ocrx_word' id='word_1_53' title='bbox 356 904 455 963; x_wconf 86' lang='lat' dir='ltr'><strong>vel</strong></span> <span class='ocrx_word' id='word_1_54' title='bbox 488 905 730 982; x_wconf 88' lang='lat' dir='ltr'><strong>pretium</strong></span> <span class='ocrx_word' id='word_1_55' title='bbox 746 949 763 980; x_wconf 82' lang='lat'><strong>‚</strong></span> <span class='ocrx_word' id='word_1_56' title='bbox 790 902 1028 980; x_wconf 81' lang='lat' dir='ltr'>glandes</span> <span class='ocrx_word' id='word_1_57' title='bbox 1052 914 1224 982; x_wconf 88' lang='lat' dir='ltr'><strong>atque</strong></span> <span class='ocrx_word' id='word_1_58' title='bbox 1248 905 1424 964; x_wconf 84' lang='lat' dir='ltr'><strong>arbita</strong></span> <span class='ocrx_word' id='word_1_59' title='bbox 1445 901 1539 963; x_wconf 87' lang='lat' dir='ltr'><strong>vel</strong></span> <span class='ocrx_word' id='word_1_60' title='bbox 1568 905 1690 982; x_wconf 85' lang='lat' dir='ltr'><strong>pira</strong></span> <span class='ocrx_word' id='word_1_61' title='bbox 1712 902 1881 964; x_wconf 89' lang='lat' dir='ltr'><strong>lecta.</strong></span> 
     </span>
     <span class='ocr_line' id='line_1_10' title="bbox 358 987 1583 1066; baseline 0 -19"><span class='ocrx_word' id='word_1_62' title='bbox 358 998 419 1047; x_wconf 87' lang='lat' dir='ltr'><strong>et</strong></span> <span class='ocrx_word' id='word_1_63' title='bbox 440 1006 697 1046; x_wconf 88' lang='lat' dir='ltr'><strong>manuum</strong></span> <span class='ocrx_word' id='word_1_64' title='bbox 718 988 853 1045; x_wconf 89' lang='lat' dir='ltr'><strong>mira</strong></span> <span class='ocrx_word' id='word_1_65' title='bbox 875 987 1007 1046; x_wconf 83' lang='lat' dir='ltr'><strong>freti</strong></span> <span class='ocrx_word' id='word_1_66' title='bbox 1028 989 1237 1046; x_wconf 88' lang='lat' dir='ltr'><strong>virtute</strong></span> <span class='ocrx_word' id='word_1_67' title='bbox 1262 988 1583 1066; x_wconf 88' lang='lat' dir='ltr'><strong>pedumque</strong></span> 
     </span>
     <span class='ocr_line' id='line_1_11' title="bbox 357 1069 1652 1148; baseline -0.001 -18"><span class='ocrx_word' id='word_1_68' title='bbox 357 1072 833 1131; x_wconf 87' lang='lat' dir='ltr'><strong>consectabantur</strong></span> <span class='ocrx_word' id='word_1_69' title='bbox 855 1069 1139 1132; x_wconf 81' lang='lat' dir='ltr'><strong>silvestria</strong></span> <span class='ocrx_word' id='word_1_70' title='bbox 1161 1071 1353 1131; x_wconf 91' lang='lat' dir='ltr'><strong>saecla</strong></span> <span class='ocrx_word' id='word_1_71' title='bbox 1376 1070 1618 1132; x_wconf 86' lang='lat' dir='ltr'><strong>ferarum</strong></span> <span class='ocrx_word' id='word_1_72' title='bbox 1634 1116 1652 1148; x_wconf 83' lang='lat'>,</span> 
     </span>
    </p>

    <p class='ocr_par' dir='ltr' id='par_1_4' title="bbox 217 1153 1775 1400">
     <span class='ocr_line' id='line_1_12' title="bbox 217 1153 1775 1236; baseline -0.001 -19"><span class='ocrx_word' id='word_1_73' title='bbox 217 1162 330 1217; x_wconf 82' lang='lat'><strong>965</strong></span> <span class='ocrx_word' id='word_1_74' title='bbox 353 1153 646 1233; x_wconf 88' lang='lat' dir='ltr'><strong>multaque</strong></span> <span class='ocrx_word' id='word_1_75' title='bbox 673 1155 1011 1236; x_wconf 84' lang='lat' dir='ltr'><strong>vincebant,</strong></span> <span class='ocrx_word' id='word_1_76' title='bbox 1034 1155 1281 1216; x_wconf 84' lang='lat' dir='ltr'><strong>vitabant</strong></span> <span class='ocrx_word' id='word_1_77' title='bbox 1304 1173 1485 1234; x_wconf 90' lang='lat' dir='ltr'><strong>pauca</strong></span> <span class='ocrx_word' id='word_1_78' title='bbox 1507 1155 1740 1215; x_wconf 86' lang='lat' dir='ltr'><strong>latebris</strong></span> <span class='ocrx_word' id='word_1_79' title='bbox 1759 1202 1775 1229; x_wconf 82' lang='grc'><em>,</em></span> 
     </span>
     <span class='ocr_line' id='line_1_13' title="bbox 358 1239 1172 1316; baseline 0.001 -18"><span class='ocrx_word' id='word_1_80' title='bbox 358 1239 777 1316; x_wconf 81' lang='lat' dir='ltr'><strong>saetigerisque</strong></span> <span class='ocrx_word' id='word_1_81' title='bbox 802 1255 969 1316; x_wconf 89' lang='lat' dir='ltr'><strong>pares</strong></span> <span class='ocrx_word' id='word_1_82' title='bbox 997 1239 1172 1299; x_wconf 89' lang='lat' dir='ltr'><strong>subus</strong></span> 
     </span>
     <span class='ocr_line' id='line_1_14' title="bbox 357 1321 1689 1400; baseline -0.001 -20"><span class='ocrx_word' id='word_1_83' title='bbox 357 1321 669 1382; x_wconf 87' lang='lat' dir='ltr'><strong>missilibus</strong></span> <span class='ocrx_word' id='word_1_84' title='bbox 694 1324 847 1382; x_wconf 86' lang='lat' dir='ltr'><strong>saxis</strong></span> <span class='ocrx_word' id='word_1_85' title='bbox 870 1331 929 1395; x_wconf 88' lang='lat' dir='ltr'><strong>et</strong></span> <span class='ocrx_word' id='word_1_86' title='bbox 957 1340 1160 1399; x_wconf 90' lang='lat' dir='ltr'><strong>magno</strong></span> <span class='ocrx_word' id='word_1_87' title='bbox 1191 1322 1445 1400; x_wconf 85' lang='lat' dir='ltr'><strong>pondere</strong></span> <span class='ocrx_word' id='word_1_88' title='bbox 1477 1321 1689 1382; x_wconf 87' lang='lat' dir='ltr'><strong>clavae.</strong></span> 
     </span>
    </p>

    <p class='ocr_par' dir='ltr' id='par_1_5' title="bbox 360 1406 1777 1567">
     <span class='ocr_line' id='line_1_15' title="bbox 1170 1406 1726 1465; baseline 0 -1"><span class='ocrx_word' id='word_1_89' title='bbox 1170 1406 1456 1465; x_wconf 85' lang='lat' dir='ltr'><strong>silvestria</strong></span> <span class='ocrx_word' id='word_1_90' title='bbox 1477 1406 1726 1464; x_wconf 85' lang='lat' dir='ltr'><strong>membra</strong></span> 
     </span>
     <span class='ocr_line' id='line_1_16' title="bbox 360 1488 1777 1567; baseline -0.001 -20"><span class='ocrx_word' id='word_1_91' title='bbox 360 1488 507 1547; x_wconf 90' lang='lat' dir='ltr'><strong>nuda</strong></span> <span class='ocrx_word' id='word_1_92' title='bbox 531 1488 732 1548; x_wconf 89' lang='lat' dir='ltr'><strong>dabant</strong></span> <span class='ocrx_word' id='word_1_93' title='bbox 755 1498 942 1548; x_wconf 89' lang='lat' dir='ltr'><strong>terrae</strong></span> <span class='ocrx_word' id='word_1_94' title='bbox 961 1535 978 1566; x_wconf 82' lang='lat'><strong>‚</strong></span> <span class='ocrx_word' id='word_1_95' title='bbox 1003 1497 1284 1549; x_wconf 89' lang='lat' dir='ltr'><strong>nocturno</strong></span> <span class='ocrx_word' id='word_1_96' title='bbox 1308 1499 1566 1567; x_wconf 90' lang='lat' dir='ltr'><strong>tempore</strong></span> <span class='ocrx_word' id='word_1_97' title='bbox 1594 1491 1744 1567; x_wconf 88' lang='lat' dir='ltr'><strong>capti</strong></span> <span class='ocrx_word' id='word_1_98' title='bbox 1760 1535 1777 1563; x_wconf 75' lang='grc'><em>,</em></span> 
     </span>
    </p>

    <p class='ocr_par' dir='ltr' id='par_1_6' title="bbox 217 1571 1822 1972">
     <span class='ocr_line' id='line_1_17' title="bbox 217 1571 1646 1639; baseline -0.003 -4"><span class='ocrx_word' id='word_1_99' title='bbox 217 1581 333 1635; x_wconf 83' lang='grc'><strong>970</strong></span> <span class='ocrx_word' id='word_1_100' title='bbox 359 1574 574 1632; x_wconf 87' lang='lat' dir='ltr'><strong>circum</strong></span> <span class='ocrx_word' id='word_1_101' title='bbox 596 1591 661 1632; x_wconf 90' lang='lat' dir='ltr'><strong>se</strong></span> <span class='ocrx_word' id='word_1_102' title='bbox 686 1571 837 1631; x_wconf 80' lang='lat' dir='ltr'><strong>foliis</strong></span> <span class='ocrx_word' id='word_1_103' title='bbox 861 1590 928 1631; x_wconf 89' lang='lat' dir='ltr'><strong>ac</strong></span> <span class='ocrx_word' id='word_1_104' title='bbox 952 1572 1245 1632; x_wconf 82' lang='lat' dir='ltr'><strong>frondibus</strong></span> <span class='ocrx_word' id='word_1_105' title='bbox 1260 1571 1646 1639; x_wconf 85' lang='lat' dir='ltr'><strong>involventes.</strong></span> 
     </span>
     <span class='ocr_line' id='line_1_18' title="bbox 360 1655 1822 1734; baseline -0.001 -19"><span class='ocrx_word' id='word_1_106' title='bbox 360 1674 472 1715; x_wconf 87' lang='lat' dir='ltr'><strong>nec</strong></span> <span class='ocrx_word' id='word_1_107' title='bbox 493 1655 768 1734; x_wconf 89' lang='lat' dir='ltr'><strong>plangore</strong></span> <span class='ocrx_word' id='word_1_108' title='bbox 799 1655 946 1715; x_wconf 84' lang='lat' dir='ltr'><strong>diem</strong></span> <span class='ocrx_word' id='word_1_109' title='bbox 970 1675 1172 1734; x_wconf 87' lang='lat' dir='ltr'><strong>magno</strong></span> <span class='ocrx_word' id='word_1_110' title='bbox 1197 1656 1496 1733; x_wconf 88' lang='lat' dir='ltr'><strong>solemque</strong></span> <span class='ocrx_word' id='word_1_111' title='bbox 1523 1674 1629 1734; x_wconf 94' lang='lat' dir='ltr'><strong>per</strong></span> <span class='ocrx_word' id='word_1_112' title='bbox 1652 1672 1822 1732; x_wconf 87' lang='lat' dir='ltr'><strong>agros</strong></span> 
     </span>
     <span class='ocr_line' id='line_1_19' title="bbox 364 1739 1768 1820; baseline 0.001 -24"><span class='ocrx_word' id='word_1_113' title='bbox 364 1739 713 1820; x_wconf 79' lang='lat' dir='ltr'><strong>quaerebant</strong></span> <span class='ocrx_word' id='word_1_114' title='bbox 735 1740 922 1818; x_wconf 91' lang='lat' dir='ltr'><strong>pavidi</strong></span> <span class='ocrx_word' id='word_1_115' title='bbox 946 1740 1205 1819; x_wconf 86' lang='lat' dir='ltr'><strong>palantes</strong></span> <span class='ocrx_word' id='word_1_116' title='bbox 1231 1741 1417 1801; x_wconf 89' lang='lat' dir='ltr'><strong>noctis</strong></span> <span class='ocrx_word' id='word_1_117' title='bbox 1440 1741 1495 1798; x_wconf 91' lang='lat' dir='ltr'><strong>in</strong></span> <span class='ocrx_word' id='word_1_118' title='bbox 1525 1739 1735 1798; x_wconf 89' lang='lat' dir='ltr'><strong>umbris</strong></span> <span class='ocrx_word' id='word_1_119' title='bbox 1751 1783 1768 1815; x_wconf 84' lang='lat'>‚</span> 
     </span>
     <span class='ocr_line' id='line_1_20' title="bbox 363 1821 1676 1902; baseline -0.003 -18"><span class='ocrx_word' id='word_1_120' title='bbox 363 1821 467 1884; x_wconf 90' lang='lat' dir='ltr'><strong>sed</strong></span> <span class='ocrx_word' id='word_1_121' title='bbox 489 1824 643 1882; x_wconf 91' lang='lat' dir='ltr'><strong>taciti</strong></span> <span class='ocrx_word' id='word_1_122' title='bbox 665 1826 1067 1900; x_wconf 82' lang='lat' dir='ltr'><strong>respectabant</strong></span> <span class='ocrx_word' id='word_1_123' title='bbox 1092 1843 1404 1902; x_wconf 84' lang='lat' dir='ltr'><strong>somnoque</strong></span> <span class='ocrx_word' id='word_1_124' title='bbox 1434 1821 1676 1901; x_wconf 88' lang='lat' dir='ltr'><strong>sepulti,</strong></span> 
     </span>
     <span class='ocr_line' id='line_1_21' title="bbox 364 1905 1663 1972; baseline -0.001 -5"><span class='ocrx_word' id='word_1_125' title='bbox 364 1907 493 1967; x_wconf 89' lang='lat' dir='ltr'><strong>dum</strong></span> <span class='ocrx_word' id='word_1_126' title='bbox 515 1924 684 1967; x_wconf 91' lang='lat' dir='ltr'><strong>rosea</strong></span> <span class='ocrx_word' id='word_1_127' title='bbox 705 1906 835 1967; x_wconf 89' lang='lat' dir='ltr'><strong>face</strong></span> <span class='ocrx_word' id='word_1_128' title='bbox 865 1906 954 1968; x_wconf 92' lang='lat' dir='ltr'><strong>sol</strong></span> <span class='ocrx_word' id='word_1_129' title='bbox 977 1908 1213 1968; x_wconf 86' lang='lat' dir='ltr'><strong>inferret</strong></span> <span class='ocrx_word' id='word_1_130' title='bbox 1240 1908 1446 1968; x_wconf 87' lang='lat' dir='ltr'><strong>lumina</strong></span> <span class='ocrx_word' id='word_1_131' title='bbox 1470 1905 1663 1972; x_wconf 79' lang='lat' dir='ltr'><strong>caelo:</strong></span> 
     </span>
    </p>

    <p class='ocr_par' dir='ltr' id='par_1_7' title="bbox 222 1991 1842 2403">
     <span class='ocr_line' id='line_1_22' title="bbox 222 1991 1842 2071; baseline -0.002 -17"><span class='ocrx_word' id='word_1_132' title='bbox 222 2000 336 2054; x_wconf 82' lang='lat'><strong>975</strong></span> <span class='ocrx_word' id='word_1_133' title='bbox 362 2010 395 2052; x_wconf 91' lang='lat' dir='ltr'><strong>a</strong></span> <span class='ocrx_word' id='word_1_134' title='bbox 418 1992 609 2070; x_wconf 84' lang='lat' dir='ltr'><strong>parvis</strong></span> <span class='ocrx_word' id='word_1_135' title='bbox 635 1991 787 2068; x_wconf 91' lang='lat' dir='ltr'><strong>quod</strong></span> <span class='ocrx_word' id='word_1_136' title='bbox 812 1993 958 2051; x_wconf 91' lang='lat' dir='ltr'><strong>enim</strong></span> <span class='ocrx_word' id='word_1_137' title='bbox 982 2002 1324 2053; x_wconf 81' lang='lat' dir='ltr'><strong>consuerant</strong></span> <span class='ocrx_word' id='word_1_138' title='bbox 1349 2011 1587 2051; x_wconf 89' lang='lat' dir='ltr'><strong>cernere</strong></span> <span class='ocrx_word' id='word_1_139' title='bbox 1612 2010 1842 2071; x_wconf 87' lang='lat' dir='ltr'><strong>semper</strong></span> 
     </span>
     <span class='ocr_line' id='line_1_23' title="bbox 364 2073 1658 2155; baseline -0.002 -20"><span class='ocrx_word' id='word_1_140' title='bbox 364 2073 582 2135; x_wconf 86' lang='lat' dir='ltr'><strong>alterno</strong></span> <span class='ocrx_word' id='word_1_141' title='bbox 610 2074 875 2135; x_wconf 84' lang='lat' dir='ltr'><strong>tenebras</strong></span> <span class='ocrx_word' id='word_1_142' title='bbox 899 2085 956 2135; x_wconf 89' lang='lat' dir='ltr'><strong>et</strong></span> <span class='ocrx_word' id='word_1_143' title='bbox 979 2076 1166 2136; x_wconf 88' lang='lat' dir='ltr'><strong>lucem</strong></span> <span class='ocrx_word' id='word_1_144' title='bbox 1187 2084 1448 2155; x_wconf 88' lang='lat' dir='ltr'><strong>tempore</strong></span> <span class='ocrx_word' id='word_1_145' title='bbox 1470 2077 1658 2154; x_wconf 82' lang='lat' dir='ltr'><strong>gigni,</strong></span> 
     </span>
     <span class='ocr_line' id='line_1_24' title="bbox 365 2159 1634 2238; baseline 0 -21"><span class='ocrx_word' id='word_1_146' title='bbox 365 2176 478 2218; x_wconf 91' lang='lat' dir='ltr'><strong>non</strong></span> <span class='ocrx_word' id='word_1_147' title='bbox 502 2167 623 2218; x_wconf 91' lang='lat' dir='ltr'><strong>erat</strong></span> <span class='ocrx_word' id='word_1_148' title='bbox 645 2167 705 2217; x_wconf 91' lang='lat' dir='ltr'><strong>ut</strong></span> <span class='ocrx_word' id='word_1_149' title='bbox 728 2159 848 2217; x_wconf 84' lang='lat' dir='ltr'><strong>fieri</strong></span> <span class='ocrx_word' id='word_1_150' title='bbox 873 2169 1075 2237; x_wconf 90' lang='lat' dir='ltr'><strong>posset</strong></span> <span class='ocrx_word' id='word_1_151' title='bbox 1096 2161 1351 2219; x_wconf 87' lang='lat' dir='ltr'><strong>mirarier</strong></span> <span class='ocrx_word' id='word_1_152' title='bbox 1375 2178 1634 2238; x_wconf 86' lang='lat' dir='ltr'><strong>umquam</strong></span> 
     </span>
     <span class='ocr_line' id='line_1_25' title="bbox 365 2241 1607 2317; baseline 0.001 -16"><span class='ocrx_word' id='word_1_153' title='bbox 365 2261 475 2301; x_wconf 88' lang='lat' dir='ltr'><strong>neo</strong></span> <span class='ocrx_word' id='word_1_154' title='bbox 507 2241 761 2300; x_wconf 86' lang='lat' dir='ltr'><strong>diffidere</strong></span> <span class='ocrx_word' id='word_1_155' title='bbox 780 2287 797 2317; x_wconf 82' lang='lat'>‚</span> <span class='ocrx_word' id='word_1_156' title='bbox 822 2261 895 2301; x_wconf 93' lang='lat' dir='ltr'><strong>ne</strong></span> <span class='ocrx_word' id='word_1_157' title='bbox 925 2252 1103 2302; x_wconf 85' lang='lat' dir='ltr'><strong>terras</strong></span> <span class='ocrx_word' id='word_1_158' title='bbox 1132 2252 1361 2303; x_wconf 89' lang='lat' dir='ltr'><strong>aeterna</strong></span> <span class='ocrx_word' id='word_1_159' title='bbox 1384 2252 1607 2302; x_wconf 88' lang='lat' dir='ltr'><strong>teneret</strong></span> 
     </span>
     <span class='ocr_line' id='line_1_26' title="bbox 364 2324 1616 2403; baseline 0.001 -19"><span class='ocrx_word' id='word_1_160' title='bbox 364 2343 481 2384; x_wconf 83' lang='lat' dir='ltr'><strong>nox</strong></span> <span class='ocrx_word' id='word_1_161' title='bbox 501 2327 557 2383; x_wconf 92' lang='lat' dir='ltr'><strong>in</strong></span> <span class='ocrx_word' id='word_1_162' title='bbox 587 2334 923 2403; x_wconf 89' lang='lat' dir='ltr'><strong>perpetuum</strong></span> <span class='ocrx_word' id='word_1_163' title='bbox 947 2326 1201 2386; x_wconf 90' lang='lat' dir='ltr'><strong>detracto</strong></span> <span class='ocrx_word' id='word_1_164' title='bbox 1227 2324 1434 2386; x_wconf 88' lang='lat' dir='ltr'><strong>lumine</strong></span> <span class='ocrx_word' id='word_1_165' title='bbox 1459 2327 1616 2387; x_wconf 89' lang='lat' dir='ltr'><strong>solis.</strong></span> 
     </span>
    </p>

    <p class='ocr_par' dir='ltr' id='par_1_8' title="bbox 221 2407 1872 2822">
     <span class='ocr_line' id='line_1_27' title="bbox 221 2407 1872 2488; baseline -0.004 -16"><span class='ocrx_word' id='word_1_166' title='bbox 221 2418 339 2472; x_wconf 88' lang='grc'><strong>980</strong></span> <span class='ocrx_word' id='word_1_167' title='bbox 364 2408 470 2469; x_wconf 89' lang='lat' dir='ltr'><strong>sed</strong></span> <span class='ocrx_word' id='word_1_168' title='bbox 497 2410 676 2485; x_wconf 90' lang='lat' dir='ltr'><strong>magis</strong></span> <span class='ocrx_word' id='word_1_169' title='bbox 700 2407 837 2467; x_wconf 89' lang='lat' dir='ltr'><strong>illud</strong></span> <span class='ocrx_word' id='word_1_170' title='bbox 864 2418 984 2468; x_wconf 87' lang='lat' dir='ltr'><strong>erat</strong></span> <span class='ocrx_word' id='word_1_171' title='bbox 1010 2428 1178 2470; x_wconf 89' lang='lat' dir='ltr'><strong>curae</strong></span> <span class='ocrx_word' id='word_1_172' title='bbox 1195 2455 1214 2487; x_wconf 85' lang='lat'>,</span> <span class='ocrx_word' id='word_1_173' title='bbox 1241 2411 1392 2488; x_wconf 91' lang='lat' dir='ltr'><strong>quod</strong></span> <span class='ocrx_word' id='word_1_174' title='bbox 1416 2410 1606 2470; x_wconf 91' lang='lat' dir='ltr'><strong>saecla</strong></span> <span class='ocrx_word' id='word_1_175' title='bbox 1631 2411 1872 2470; x_wconf 81' lang='lat' dir='ltr'><strong>ferarum</strong></span> 
     </span>
     <span class='ocr_line' id='line_1_28' title="bbox 364 2491 1676 2572; baseline 0.002 -22"><span class='ocrx_word' id='word_1_176' title='bbox 364 2491 626 2552; x_wconf 87' lang='lat' dir='ltr'><strong>infestam</strong></span> <span class='ocrx_word' id='word_1_177' title='bbox 647 2493 869 2551; x_wconf 87' lang='lat' dir='ltr'><strong>miseris</strong></span> <span class='ocrx_word' id='word_1_178' title='bbox 893 2491 1175 2553; x_wconf 81' lang='lat' dir='ltr'><strong>faciebant</strong></span> <span class='ocrx_word' id='word_1_179' title='bbox 1198 2512 1375 2572; x_wconf 86' lang='lat' dir='ltr'><strong>saepe</strong></span> <span class='ocrx_word' id='word_1_180' title='bbox 1402 2496 1676 2571; x_wconf 88' lang='lat' dir='ltr'><strong>quietem:</strong></span> 
     </span>
     <span class='ocr_line' id='line_1_29' title="bbox 369 2574 1535 2653; baseline 0.003 -19"><span class='ocrx_word' id='word_1_181' title='bbox 369 2576 653 2653; x_wconf 88' lang='lat' dir='ltr'><strong>eiectique</strong></span> <span class='ocrx_word' id='word_1_182' title='bbox 682 2574 847 2634; x_wconf 91' lang='lat' dir='ltr'><strong>domo</strong></span> <span class='ocrx_word' id='word_1_183' title='bbox 874 2575 1167 2653; x_wconf 86' lang='lat' dir='ltr'><strong>fugiebant</strong></span> <span class='ocrx_word' id='word_1_184' title='bbox 1190 2591 1361 2637; x_wconf 85' lang='lat' dir='ltr'><strong>saxea</strong></span> <span class='ocrx_word' id='word_1_185' title='bbox 1384 2587 1535 2637; x_wconf 90' lang='lat' dir='ltr'><strong>tecta</strong></span> 
     </span>
     <span class='ocr_line' id='line_1_30' title="bbox 366 2659 1590 2738; baseline 0.002 -19"><span class='ocrx_word' id='word_1_186' title='bbox 366 2660 674 2737; x_wconf 85' lang='lat' dir='ltr'><strong>spumigeri</strong></span> <span class='ocrx_word' id='word_1_187' title='bbox 698 2661 815 2719; x_wconf 88' lang='lat' dir='ltr'><strong>suis</strong></span> <span class='ocrx_word' id='word_1_188' title='bbox 843 2659 1086 2720; x_wconf 87' lang='lat' dir='ltr'><strong>adventu</strong></span> <span class='ocrx_word' id='word_1_189' title='bbox 1109 2661 1352 2720; x_wconf 88' lang='lat' dir='ltr'><strong>validive</strong></span> <span class='ocrx_word' id='word_1_190' title='bbox 1374 2660 1557 2721; x_wconf 90' lang='lat' dir='ltr'><strong>leonis</strong></span> <span class='ocrx_word' id='word_1_191' title='bbox 1573 2708 1590 2738; x_wconf 89' lang='lat'>,</span> 
     </span>
     <span class='ocr_line' id='line_1_31' title="bbox 364 2744 1759 2822; baseline 0.001 -20"><span class='ocrx_word' id='word_1_192' title='bbox 364 2752 537 2821; x_wconf 87' lang='lat' dir='ltr'><strong>atque</strong></span> <span class='ocrx_word' id='word_1_193' title='bbox 557 2744 895 2821; x_wconf 86' lang='lat' dir='ltr'><strong>intempesta</strong></span> <span class='ocrx_word' id='word_1_194' title='bbox 925 2744 1204 2805; x_wconf 80' lang='lat' dir='ltr'><strong>cedebant</strong></span> <span class='ocrx_word' id='word_1_195' title='bbox 1227 2753 1397 2803; x_wconf 86' lang='lat' dir='ltr'><strong>nocte</strong></span> <span class='ocrx_word' id='word_1_196' title='bbox 1424 2755 1700 2822; x_wconf 88' lang='lat' dir='ltr'><strong>paventes</strong></span> <span class='ocrx_word' id='word_1_197' title='bbox 1752 2805 1759 2810; x_wconf 70' lang='grc'><strong>,</strong></span> 
     </span>
    </p>

    <p class='ocr_par' dir='ltr' id='par_1_9' title="bbox 229 2826 1617 2904">
     <span class='ocr_line' id='line_1_32' title="bbox 229 2826 1617 2904; baseline -0.001 -15"><span class='ocrx_word' id='word_1_198' title='bbox 229 2834 340 2889; x_wconf 79' lang='lat'><strong>985</strong></span> <span class='ocrx_word' id='word_1_199' title='bbox 361 2826 681 2904; x_wconf 88' lang='lat' dir='ltr'><strong>hospitibus</strong></span> <span class='ocrx_word' id='word_1_200' title='bbox 704 2826 892 2886; x_wconf 88' lang='lat' dir='ltr'><strong>saevis</strong></span> <span class='ocrx_word' id='word_1_201' title='bbox 916 2829 1145 2887; x_wconf 86' lang='lat' dir='ltr'><strong>instrata</strong></span> <span class='ocrx_word' id='word_1_202' title='bbox 1170 2826 1376 2887; x_wconf 91' lang='lat' dir='ltr'><strong>cubilia</strong></span> <span class='ocrx_word' id='word_1_203' title='bbox 1399 2827 1617 2888; x_wconf 88' lang='lat' dir='ltr'><strong>fronde.</strong></span> 
     </span>
    </p>

    <p class='ocr_par' dir='ltr' id='par_1_10' title="bbox 361 2908 1916 3240">
     <span class='ocr_line' id='line_1_33' title="bbox 449 2908 1916 2989; baseline 0.002 -21"><span class='ocrx_word' id='word_1_204' title='bbox 449 2908 575 2969; x_wconf 90' lang='lat' dir='ltr'><strong>Nec</strong></span> <span class='ocrx_word' id='word_1_205' title='bbox 600 2911 769 2970; x_wconf 89' lang='lat' dir='ltr'><strong>nimio</strong></span> <span class='ocrx_word' id='word_1_206' title='bbox 794 2919 908 2968; x_wconf 89' lang='lat' dir='ltr'><strong>tum</strong></span> <span class='ocrx_word' id='word_1_207' title='bbox 934 2910 1065 2988; x_wconf 88' lang='lat' dir='ltr'><strong>plus</strong></span> <span class='ocrx_word' id='word_1_208' title='bbox 1091 2929 1256 2989; x_wconf 83' lang='lat' dir='ltr'><strong>quam</strong></span> <span class='ocrx_word' id='word_1_209' title='bbox 1278 2930 1426 2971; x_wconf 90' lang='lat' dir='ltr'><strong>nunc</strong></span> <span class='ocrx_word' id='word_1_210' title='bbox 1449 2909 1701 2971; x_wconf 89' lang='lat' dir='ltr'><strong>mortalia</strong></span> <span class='ocrx_word' id='word_1_211' title='bbox 1724 2910 1916 2980; x_wconf 85' lang='lat' dir='ltr'><strong>saecla</strong></span> 
     </span>
     <span class='ocr_line' id='line_1_34' title="bbox 365 2992 1589 3072; baseline 0.001 -20"><span class='ocrx_word' id='word_1_212' title='bbox 365 2992 550 3053; x_wconf 90' lang='lat' dir='ltr'><strong>dulcia</strong></span> <span class='ocrx_word' id='word_1_213' title='bbox 573 2993 901 3072; x_wconf 83' lang='lat' dir='ltr'><strong>linquebant</strong></span> <span class='ocrx_word' id='word_1_214' title='bbox 929 2993 1170 3055; x_wconf 89' lang='lat' dir='ltr'><strong>labentis</strong></span> <span class='ocrx_word' id='word_1_215' title='bbox 1194 2995 1398 3054; x_wconf 87' lang='lat' dir='ltr'><strong>lumina</strong></span> <span class='ocrx_word' id='word_1_216' title='bbox 1419 2996 1589 3053; x_wconf 87' lang='lat' dir='ltr'><strong>vitae.</strong></span> 
     </span>
     <span class='ocr_line' id='line_1_35' title="bbox 364 3079 1848 3157; baseline -0.001 -22"><span class='ocrx_word' id='word_1_217' title='bbox 364 3095 508 3136; x_wconf 88' lang='lat' dir='ltr'><strong>unus</strong></span> <span class='ocrx_word' id='word_1_218' title='bbox 533 3079 680 3136; x_wconf 91' lang='lat' dir='ltr'><strong>enim</strong></span> <span class='ocrx_word' id='word_1_219' title='bbox 703 3087 818 3137; x_wconf 91' lang='lat' dir='ltr'><strong>tum</strong></span> <span class='ocrx_word' id='word_1_220' title='bbox 842 3079 1081 3156; x_wconf 87' lang='lat' dir='ltr'><strong>quisque</strong></span> <span class='ocrx_word' id='word_1_221' title='bbox 1111 3080 1288 3156; x_wconf 87' lang='lat' dir='ltr'><strong>magis</strong></span> <span class='ocrx_word' id='word_1_222' title='bbox 1312 3079 1627 3157; x_wconf 88' lang='lat' dir='ltr'><strong>deprensus</strong></span> <span class='ocrx_word' id='word_1_223' title='bbox 1653 3095 1848 3137; x_wconf 87' lang='lat' dir='ltr'><strong>eornm</strong></span> 
     </span>
     <span class='ocr_line' id='line_1_36' title="bbox 361 3160 1836 3240; baseline 0.001 -21"><span class='ocrx_word' id='word_1_224' title='bbox 361 3160 569 3238; x_wconf 89' lang='lat' dir='ltr'><strong>pabula</strong></span> <span class='ocrx_word' id='word_1_225' title='bbox 598 3162 724 3220; x_wconf 88' lang='lat' dir='ltr'><strong>viva</strong></span> <span class='ocrx_word' id='word_1_226' title='bbox 749 3160 886 3221; x_wconf 88' lang='lat' dir='ltr'><strong>feris</strong></span> <span class='ocrx_word' id='word_1_227' title='bbox 915 3163 1259 3240; x_wconf 86' lang='lat' dir='ltr'><strong>praebebat,</strong></span> <span class='ocrx_word' id='word_1_228' title='bbox 1287 3162 1546 3230; x_wconf 85' lang='lat' dir='ltr'><strong>dentibus</strong></span> <span class='ocrx_word' id='word_1_229' title='bbox 1566 3161 1800 3221; x_wconf 51' lang='lat' dir='ltr'><strong>¹haustus</strong></span> <span class='ocrx_word' id='word_1_230' title='bbox 1819 3206 1836 3236; x_wconf 82' lang='lat'>‚</span> 
     </span>
    </p>

    <p class='ocr_par' dir='ltr' id='par_1_11' title="bbox 230 3245 1871 3493">
     <span class='ocr_line' id='line_1_37' title="bbox 230 3245 1871 3324; baseline -0.001 -20"><span class='ocrx_word' id='word_1_231' title='bbox 230 3251 340 3304; x_wconf 84' lang='lat'><strong>990</strong></span> <span class='ocrx_word' id='word_1_232' title='bbox 362 3253 421 3303; x_wconf 90' lang='lat' dir='ltr'><strong>et</strong></span> <span class='ocrx_word' id='word_1_233' title='bbox 444 3261 673 3303; x_wconf 89' lang='lat' dir='ltr'><strong>nemora</strong></span> <span class='ocrx_word' id='word_1_234' title='bbox 695 3263 763 3304; x_wconf 88' lang='lat' dir='ltr'><strong>ac</strong></span> <span class='ocrx_word' id='word_1_235' title='bbox 792 3247 995 3305; x_wconf 92' lang='lat' dir='ltr'><strong>montis</strong></span> <span class='ocrx_word' id='word_1_236' title='bbox 1021 3247 1235 3324; x_wconf 88' lang='lat' dir='ltr'><strong>gemitu</strong></span> <span class='ocrx_word' id='word_1_237' title='bbox 1260 3245 1549 3323; x_wconf 89' lang='lat' dir='ltr'><strong>silvasque</strong></span> <span class='ocrx_word' id='word_1_238' title='bbox 1574 3245 1871 3324; x_wconf 78' lang='lat' dir='ltr'><strong>replebat,</strong></span> 
     </span>
     <span class='ocr_line' id='line_1_38' title="bbox 362 3328 1584 3408; baseline 0.001 -23"><span class='ocrx_word' id='word_1_239' title='bbox 362 3329 492 3388; x_wconf 90' lang='lat' dir='ltr'><strong>viva</strong></span> <span class='ocrx_word' id='word_1_240' title='bbox 512 3328 711 3388; x_wconf 90' lang='lat' dir='ltr'><strong>videns</strong></span> <span class='ocrx_word' id='word_1_241' title='bbox 734 3330 866 3388; x_wconf 88' lang='lat' dir='ltr'><strong>vivo</strong></span> <span class='ocrx_word' id='word_1_242' title='bbox 889 3329 1124 3408; x_wconf 89' lang='lat' dir='ltr'><strong>sepeliri</strong></span> <span class='ocrx_word' id='word_1_243' title='bbox 1146 3331 1370 3389; x_wconf 87' lang='lat' dir='ltr'><strong>viscera</strong></span> <span class='ocrx_word' id='word_1_244' title='bbox 1396 3330 1584 3389; x_wconf 89' lang='lat' dir='ltr'><strong>bust0.</strong></span> 
     </span>
     <span class='ocr_line' id='line_1_39' title="bbox 361 3411 1651 3493; baseline 0 -23"><span class='ocrx_word' id='word_1_245' title='bbox 361 3418 416 3470; x_wconf 89' lang='lat' dir='ltr'><strong>at</strong></span> <span class='ocrx_word' id='word_1_246' title='bbox 439 3428 583 3489; x_wconf 90' lang='lat' dir='ltr'><strong>quos</strong></span> <span class='ocrx_word' id='word_1_247' title='bbox 614 3411 884 3489; x_wconf 80' lang='lat' dir='ltr'><strong>effugium</strong></span> <span class='ocrx_word' id='word_1_248' title='bbox 905 3421 1155 3472; x_wconf 85' lang='lat' dir='ltr'><strong>servarat</strong></span> <span class='ocrx_word' id='word_1_249' title='bbox 1178 3429 1420 3493; x_wconf 89' lang='lat' dir='ltr'><strong>corpore</strong></span> <span class='ocrx_word' id='word_1_250' title='bbox 1443 3412 1619 3471; x_wconf 88' lang='lat' dir='ltr'><strong>adeso</strong></span> <span class='ocrx_word' id='word_1_251' title='bbox 1635 3457 1651 3486; x_wconf 87' lang='lat'>,</span> 
     </span>
    </p>
   </div>
   <div class='ocr_carea' id='block_1_3' title="bbox 2060 151 2172 217">
    <p class='ocr_par' dir='ltr' id='par_1_12' title="bbox 2060 151 2172 217">
     <span class='ocr_line' id='line_1_40' title="bbox 2060 151 2172 217; baseline 0.045 -6"><span class='ocrx_word' id='word_1_252' title='bbox 2060 151 2172 217; x_wconf 82' lang='lat'><strong>151</strong></span> 
     </span>
    </p>
   </div>
  </div>
 </body>
</html>
