<?xml version="1.0" encoding="UTF-8"?>
<!DOCTYPE html PUBLIC "-//W3C//DTD XHTML 1.0 Transitional//EN"
    "http://www.w3.org/TR/xhtml1/DTD/xhtml1-transitional.dtd">
<html xmlns="http://www.w3.org/1999/xhtml" xml:lang="en" lang="en">
 <head>
  <title>
</title>
<meta http-equiv="Content-Type" content="text/html;charset=utf-8" />
  <meta name='ocr-system' content='tesseract 3.04.00' />
  <meta name='ocr-capabilities' content='ocr_page ocr_carea ocr_par ocr_line ocrx_word'/>
</head>
<body>
  <div class='ocr_page' id='page_1' title='image "./tlucreticarider01unkngoog_0424.png"; bbox 0 0 2409 3825; ppageno 0'>
   <div class='ocr_carea' id='block_1_1' title="bbox 357 129 2370 264">
    <p class='ocr_par' dir='ltr' id='par_1_1' title="bbox 357 129 2370 264">
     <span class='ocr_line' id='line_1_1' title="bbox 357 129 2370 264; baseline -0.001 -20"><span class='ocrx_word' id='word_1_1' title='bbox 357 177 441 244; x_wconf 80' lang='lat'><strong>72</strong></span> <span class='ocrx_word' id='word_1_2' title='bbox 1164 180 1470 238; x_wconf 82' lang='lat' dir='ltr'><strong>CATVLLI</strong></span> <span class='ocrx_word' id='word_1_3' title='bbox 2119 181 2280 264; x_wconf 72' lang='lat' dir='ltr'><strong>[cm.</strong></span> <span class='ocrx_word' id='word_1_4' title='bbox 2369 129 2370 134; x_wconf 7' lang='grc' dir='ltr'><strong><em>Ν</em></strong></span> 
     </span>
    </p>
   </div>
   <div class='ocr_carea' id='block_1_2' title="bbox 486 343 2227 529">
    <p class='ocr_par' dir='ltr' id='par_1_2' title="bbox 486 343 2227 529">
     <span class='ocr_line' id='line_1_2' title="bbox 486 343 2227 431; baseline 0.001 -21"><span class='ocrx_word' id='word_1_5' title='bbox 486 344 612 411; x_wconf 81' lang='lat' dir='ltr'><strong>Sed</strong></span> <span class='ocrx_word' id='word_1_6' title='bbox 657 343 854 409; x_wconf 84' lang='lat' dir='ltr'><strong>cuivis</strong></span> <span class='ocrx_word' id='word_1_7' title='bbox 899 344 1185 428; x_wconf 85' lang='lat' dir='ltr'><strong>quamvis</strong></span> <span class='ocrx_word' id='word_1_8' title='bbox 1230 344 1442 429; x_wconf 84' lang='lat' dir='ltr'><strong>potius</strong></span> <span class='ocrx_word' id='word_1_9' title='bbox 1486 346 1892 410; x_wconf 71' lang='lat' dir='ltr'>succumbere</span> <span class='ocrx_word' id='word_1_10' title='bbox 1935 368 2054 430; x_wconf 85' lang='lat' dir='ltr'><strong>par</strong></span> <span class='ocrx_word' id='word_1_11' title='bbox 2096 351 2227 431; x_wconf 83' lang='lat' dir='ltr'><strong>est,</strong></span> 
     </span>
     <span class='ocr_line' id='line_1_3' title="bbox 571 428 2050 529; baseline 0.001 -35"><span class='ocrx_word' id='word_1_12' title='bbox 571 428 779 506; x_wconf 84' lang='lat' dir='ltr'><strong>Quam</strong></span> <span class='ocrx_word' id='word_1_13' title='bbox 817 432 1087 494; x_wconf 81' lang='lat' dir='ltr'><strong>matrem</strong></span> <span class='ocrx_word' id='word_1_14' title='bbox 1128 428 1358 494; x_wconf 85' lang='lat' dir='ltr'><strong>fratres</strong></span> <span class='ocrx_word' id='word_1_15' title='bbox 1401 429 1639 529; x_wconf 67' lang='lat' dir='ltr'><strong>efficere</strong></span> <span class='ocrx_word' id='word_1_16' title='bbox 1680 452 1761 499; x_wconf 83' lang='lat' dir='ltr'><strong>ex</strong></span> <span class='ocrx_word' id='word_1_17' title='bbox 1800 433 2050 513; x_wconf 73' lang='lat' dir='ltr'><strong>patruo-</strong></span> 
     </span>
    </p>
   </div>
   <div class='ocr_carea' id='block_1_3' title="bbox 1166 557 1474 567">
    <p class='ocr_par' dir='ltr' id='par_1_3' title="bbox 1166 557 1474 567">
     <span class='ocr_line' id='line_1_4' title="bbox 1166 557 1474 567; baseline 0 3258"><span class='ocrx_word' id='word_1_18' title='bbox 1166 557 1474 567; x_wconf 95' lang='lat' dir='ltr'><strong> </strong></span> 
     </span>
    </p>
   </div>
   <div class='ocr_carea' id='block_1_4' title="bbox 1211 641 1424 716">
    <p class='ocr_par' dir='ltr' id='par_1_4' title="bbox 1211 641 1424 716">
     <span class='ocr_line' id='line_1_5' title="bbox 1211 641 1424 716; baseline 0 -1"><span class='ocrx_word' id='word_1_19' title='bbox 1211 641 1424 716; x_wconf 81' lang='lat' dir='ltr'>CXII.</span> 
     </span>
    </p>
   </div>
   <div class='ocr_carea' id='block_1_5' title="bbox 482 762 2291 1020">
    <p class='ocr_par' dir='ltr' id='par_1_5' title="bbox 482 762 2291 1020">
     <span class='ocr_line' id='line_1_6' title="bbox 482 762 2291 870; baseline -0.001 -37"><span class='ocrx_word' id='word_1_20' title='bbox 482 764 727 833; x_wconf 89' lang='lat' dir='ltr'><strong>Multus</strong></span> <span class='ocrx_word' id='word_1_21' title='bbox 766 765 962 830; x_wconf 90' lang='lat' dir='ltr'><strong>homo</strong></span> <span class='ocrx_word' id='word_1_22' title='bbox 1008 786 1076 831; x_wconf 88' lang='lat' dir='ltr'><strong>es</strong></span> <span class='ocrx_word' id='word_1_23' title='bbox 1115 762 1180 830; x_wconf 88' lang='lat' dir='ltr'>N</span> <span class='ocrx_word' id='word_1_24' title='bbox 1181 785 1320 848; x_wconf 81' lang='lat' dir='ltr'><strong>ase,</strong></span> <span class='ocrx_word' id='word_1_25' title='bbox 1378 785 1585 849; x_wconf 87' lang='lat' dir='ltr'><strong>neque</strong></span> <span class='ocrx_word' id='word_1_26' title='bbox 1632 766 1843 831; x_wconf 80' lang='lat' dir='ltr'><strong>tecum</strong></span> <span class='ocrx_word' id='word_1_27' title='bbox 1881 766 2122 870; x_wconf 78' lang='lat' dir='ltr'><strong>multus</strong></span> <span class='ocrx_word' id='word_1_28' title='bbox 2172 766 2291 832; x_wconf 87' lang='lat' dir='ltr'><strong>ho-</strong></span> 
     </span>
     <span class='ocr_line' id='line_1_7' title="bbox 568 852 2060 1020; baseline -0.001 -19"><span class='ocrx_word' id='word_1_29' title='bbox 568 933 944 1001; x_wconf 88' lang='lat' dir='ltr'><strong>Deseendit:</strong></span> <span class='ocrx_word' id='word_1_30' title='bbox 989 933 1165 999; x_wconf 85' lang='lat' dir='ltr'><strong>Naso</strong></span> <span class='ocrx_word' id='word_1_31' title='bbox 1177 983 1197 1017; x_wconf 87' lang='lat'><strong><em>,</em></strong></span> <span class='ocrx_word' id='word_1_32' title='bbox 1242 933 1482 998; x_wconf 84' lang='lat' dir='ltr'><strong>multus</strong></span> <span class='ocrx_word' id='word_1_33' title='bbox 1525 852 2060 1020; x_wconf 45' lang='lat' dir='ltr'><strong>esmgesspgtullieus,</strong></span> 
     </span>
    </p>
   </div>
   <div class='ocr_carea' id='block_1_6' title="bbox 1166 1064 1474 1074">
    <p class='ocr_par' dir='ltr' id='par_1_6' title="bbox 1166 1064 1474 1074">
     <span class='ocr_line' id='line_1_8' title="bbox 1166 1064 1474 1074; baseline 0 2751"><span class='ocrx_word' id='word_1_34' title='bbox 1166 1064 1474 1074; x_wconf 95' lang='lat' dir='ltr'><strong> </strong></span> 
     </span>
    </p>
   </div>
   <div class='ocr_carea' id='block_1_7' title="bbox 1191 1147 1441 1221">
    <p class='ocr_par' dir='ltr' id='par_1_7' title="bbox 1191 1147 1441 1221">
     <span class='ocr_line' id='line_1_9' title="bbox 1191 1147 1441 1221; baseline 0.004 -1"><span class='ocrx_word' id='word_1_35' title='bbox 1191 1147 1441 1221; x_wconf 85' lang='lat' dir='ltr'>CXIII.</span> 
     </span>
    </p>
   </div>
   <div class='ocr_carea' id='block_1_8' title="bbox 486 1270 2371 1856">
    <p class='ocr_par' dir='ltr' id='par_1_8' title="bbox 486 1270 2371 1856">
     <span class='ocr_line' id='line_1_10' title="bbox 488 1270 2370 1355; baseline -0.002 -17"><span class='ocrx_word' id='word_1_36' title='bbox 488 1270 770 1340; x_wconf 78' lang='lat' dir='ltr'>Consule</span> <span class='ocrx_word' id='word_1_37' title='bbox 811 1270 973 1336; x_wconf 91' lang='lat' dir='ltr'><strong>Pom</strong></span> <span class='ocrx_word' id='word_1_38' title='bbox 1019 1270 1118 1335; x_wconf 90' lang='lat' dir='ltr'><strong>eio</strong></span> <span class='ocrx_word' id='word_1_39' title='bbox 1161 1270 1441 1355; x_wconf 83' lang='lat' dir='ltr'><strong>primum</strong></span> <span class='ocrx_word' id='word_1_40' title='bbox 1482 1270 1639 1354; x_wconf 83' lang='lat' dir='ltr'><strong>due,</strong></span> <span class='ocrx_word' id='word_1_41' title='bbox 1685 1270 1920 1354; x_wconf 83' lang='lat' dir='ltr'><strong>Cinna,</strong></span> <span class='ocrx_word' id='word_1_42' title='bbox 1966 1271 2268 1336; x_wconf 78' lang='lat' dir='ltr'><strong>solebant</strong></span> <span class='ocrx_word' id='word_1_43' title='bbox 2369 1331 2370 1334; x_wconf 74' lang='grc'>,</span> 
     </span>
     <span class='ocr_line' id='line_1_11' title="bbox 570 1354 1940 1424; baseline 0.001 -3"><span class='ocrx_word' id='word_1_44' title='bbox 570 1355 930 1421; x_wconf 82' lang='lat' dir='ltr'><strong>Mueillam:</strong></span> <span class='ocrx_word' id='word_1_45' title='bbox 1005 1357 1147 1420; x_wconf 88' lang='lat' dir='ltr'><strong>aeto</strong></span> <span class='ocrx_word' id='word_1_46' title='bbox 1191 1354 1453 1420; x_wconf 79' lang='lat' dir='ltr'><strong>consule</strong></span> <span class='ocrx_word' id='word_1_47' title='bbox 1495 1376 1669 1420; x_wconf 87' lang='lat' dir='ltr'><strong>nune</strong></span> <span class='ocrx_word' id='word_1_48' title='bbox 1709 1355 1940 1424; x_wconf 86' lang='lat' dir='ltr'><strong>iterum</strong></span> 
     </span>
     <span class='ocr_line' id='line_1_12' title="bbox 486 1438 2371 1856; baseline -0.001 -351"><span class='ocrx_word' id='word_1_49' title='bbox 486 1440 866 1506; x_wconf 86' lang='lat' dir='ltr'><strong>Manserunt</strong></span> <span class='ocrx_word' id='word_1_50' title='bbox 907 1438 1064 1522; x_wconf 82' lang='lat' dir='ltr'><strong>due,</strong></span> <span class='ocrx_word' id='word_1_51' title='bbox 1108 1438 1220 1502; x_wconf 87' lang='lat' dir='ltr'><strong>sed</strong></span> <span class='ocrx_word' id='word_1_52' title='bbox 1265 1441 1600 1503; x_wconf 77' lang='lat' dir='ltr'><strong>creverunt</strong></span> <span class='ocrx_word' id='word_1_53' title='bbox 1638 1439 1817 1503; x_wconf 88' lang='lat' dir='ltr'><strong>milia</strong></span> <span class='ocrx_word' id='word_1_54' title='bbox 1856 1440 1928 1503; x_wconf 93' lang='lat' dir='ltr'><strong>in</strong></span> <span class='ocrx_word' id='word_1_55' title='bbox 1967 1461 2173 1504; x_wconf 88' lang='lat' dir='ltr'><strong>unum</strong></span> <span class='ocrx_word' id='word_1_56' title='bbox 2365 1489 2371 1856; x_wconf 78' lang='grc' dir='ltr'>Ι</span> 
     </span>
    </p>
   </div>
   <div class='ocr_carea' id='block_1_9' title="bbox 2368 141 2372 1440">
    <p class='ocr_par' dir='ltr' id='par_1_9' title="bbox 2368 141 2372 1440">
     <span class='ocr_line' id='line_1_13' title="bbox 2368 141 2372 1440; baseline 0 0"><span class='ocrx_word' id='word_1_57' title='bbox 2368 141 2372 1440; x_wconf 95' lang='lat' dir='ltr'><strong> </strong></span> 
     </span>
    </p>
   </div>
   <div class='ocr_carea' id='block_1_10' title="bbox 573 1522 1893 1609">
    <p class='ocr_par' dir='ltr' id='par_1_10' title="bbox 573 1522 1893 1609">
     <span class='ocr_line' id='line_1_14' title="bbox 573 1522 1893 1609; baseline -0.003 -18"><span class='ocrx_word' id='word_1_58' title='bbox 573 1522 859 1609; x_wconf 77' lang='lat' dir='ltr'><strong>Singula.</strong></span> <span class='ocrx_word' id='word_1_59' title='bbox 919 1522 1261 1596; x_wconf 71' lang='lat' dir='ltr'><strong>femmdum</strong></span> <span class='ocrx_word' id='word_1_60' title='bbox 1304 1544 1522 1587; x_wconf 89' lang='lat' dir='ltr'><strong>semen</strong></span> <span class='ocrx_word' id='word_1_61' title='bbox 1566 1522 1893 1588; x_wconf 78' lang='lat' dir='ltr'><strong>adulterio,</strong></span> 
     </span>
    </p>
   </div>
   <div class='ocr_carea' id='block_1_11' title="bbox 1177 1651 1480 1661">
    <p class='ocr_par' dir='ltr' id='par_1_11' title="bbox 1177 1651 1480 1661">
     <span class='ocr_line' id='line_1_15' title="bbox 1177 1651 1480 1661; baseline 0 2164"><span class='ocrx_word' id='word_1_62' title='bbox 1177 1651 1480 1661; x_wconf 95' lang='lat' dir='ltr'><strong> </strong></span> 
     </span>
    </p>
   </div>
   <div class='ocr_carea' id='block_1_12' title="bbox 1181 1736 1463 1811">
    <p class='ocr_par' dir='ltr' id='par_1_12' title="bbox 1181 1736 1463 1811">
     <span class='ocr_line' id='line_1_16' title="bbox 1181 1736 1463 1811; baseline 0 0"><span class='ocrx_word' id='word_1_63' title='bbox 1181 1736 1463 1811; x_wconf 85' lang='lat' dir='ltr'>CXIIII.</span> 
     </span>
    </p>
   </div>
   <div class='ocr_carea' id='block_1_13' title="bbox 487 1859 1935 1928">
    <p class='ocr_par' dir='ltr' id='par_1_13' title="bbox 487 1859 1935 1928">
     <span class='ocr_line' id='line_1_17' title="bbox 487 1859 1935 1928; baseline 0 -1"><span class='ocrx_word' id='word_1_64' title='bbox 487 1859 791 1928; x_wconf 82' lang='lat' dir='ltr'><strong>Firmano</strong></span> <span class='ocrx_word' id='word_1_65' title='bbox 838 1861 1005 1927; x_wconf 83' lang='lat' dir='ltr'><strong>saltu</strong></span> <span class='ocrx_word' id='word_1_66' title='bbox 1045 1881 1180 1925; x_wconf 92' lang='lat' dir='ltr'><strong>non</strong></span> <span class='ocrx_word' id='word_1_67' title='bbox 1222 1859 1387 1925; x_wconf 85' lang='lat' dir='ltr'><strong>falso</strong></span> <span class='ocrx_word' id='word_1_68' title='bbox 1430 1859 1718 1927; x_wconf 84' lang='lat' dir='ltr'><strong>Mentula</strong></span> <span class='ocrx_word' id='word_1_69' title='bbox 1758 1859 1935 1927; x_wconf 85' lang='lat' dir='ltr'><strong>dives</strong></span> 
     </span>
    </p>
   </div>
   <div class='ocr_carea' id='block_1_14' title="bbox 424 1944 2371 2451">
    <p class='ocr_par' dir='ltr' id='par_1_14' title="bbox 424 1887 2371 2451">
     <span class='ocr_line' id='line_1_18' title="bbox 573 1944 2098 2044; baseline -0.002 -32"><span class='ocrx_word' id='word_1_70' title='bbox 573 1946 800 2044; x_wconf 73' lang='lat' dir='ltr'><strong>Fertur</strong></span> <span class='ocrx_word' id='word_1_71' title='bbox 812 1994 832 2030; x_wconf 90' lang='lat'>,</span> <span class='ocrx_word' id='word_1_72' title='bbox 879 1946 988 2031; x_wconf 88' lang='lat' dir='ltr'><strong>qui</strong></span> <span class='ocrx_word' id='word_1_73' title='bbox 1028 1948 1131 2010; x_wconf 91' lang='lat' dir='ltr'><strong>tot</strong></span> <span class='ocrx_word' id='word_1_74' title='bbox 1169 1967 1275 2010; x_wconf 84' lang='lat' dir='ltr'><strong>res</strong></span> <span class='ocrx_word' id='word_1_75' title='bbox 1315 1945 1387 2009; x_wconf 93' lang='lat' dir='ltr'><strong>in</strong></span> <span class='ocrx_word' id='word_1_76' title='bbox 1428 1967 1506 2043; x_wconf 44' lang='lat' dir='ltr'><strong>se·</strong></span> <span class='ocrx_word' id='word_1_77' title='bbox 1538 1944 1734 2042; x_wconf 71' lang='lat' dir='ltr'><strong>habet</strong></span> <span class='ocrx_word' id='word_1_78' title='bbox 1774 1945 2066 2032; x_wconf 76' lang='lat' dir='ltr'><strong>egregias</strong></span> <span class='ocrx_word' id='word_1_79' title='bbox 2078 1995 2098 2028; x_wconf 91' lang='lat'><em>‚</em></span> 
     </span>
     <span class='ocr_line' id='line_1_19' title="bbox 487 2028 2371 2116; baseline -0.001 -19"><span class='ocrx_word' id='word_1_80' title='bbox 487 2032 853 2116; x_wconf 81' lang='lat' dir='ltr'><strong>Aucupium</strong></span> <span class='ocrx_word' id='word_1_81' title='bbox 863 2077 883 2116; x_wconf 88' lang='lat'><em>,</em></span> <span class='ocrx_word' id='word_1_82' title='bbox 942 2051 1130 2095; x_wconf 89' lang='lat' dir='ltr'><strong>omne</strong></span> <span class='ocrx_word' id='word_1_83' title='bbox 1183 2049 1389 2115; x_wconf 86' lang='lat' dir='ltr'><strong>genus</strong></span> <span class='ocrx_word' id='word_1_84' title='bbox 1441 2051 1636 2114; x_wconf 79' lang='lat' dir='ltr'><strong>piscis</strong></span> <span class='ocrx_word' id='word_1_85' title='bbox 1647 2079 1667 2112; x_wconf 87' lang='lat'><em>,</em></span> <span class='ocrx_word' id='word_1_86' title='bbox 1719 2033 1930 2114; x_wconf 80' lang='lat' dir='ltr'><strong>prata,</strong></span> <span class='ocrx_word' id='word_1_87' title='bbox 1993 2052 2151 2095; x_wconf 84' lang='lat' dir='ltr'><strong>arva</strong></span> <span class='ocrx_word' id='word_1_88' title='bbox 2201 2028 2294 2096; x_wconf 86' lang='lat' dir='ltr'><strong>fe-</strong></span> <span class='ocrx_word' id='word_1_89' title='bbox 2368 2057 2371 2084; x_wconf 76' lang='lat'>1</span> 
     </span>
     <span class='ocr_line' id='line_1_20' title="bbox 573 2135 2055 2283; baseline -0.001 -19"><span class='ocrx_word' id='word_1_90' title='bbox 573 2198 1004 2283; x_wconf 81' lang='lat' dir='ltr'><strong>Nequiquam:</strong></span> <span class='ocrx_word' id='word_1_91' title='bbox 1048 2198 1291 2263; x_wconf 86' lang='lat' dir='ltr'><strong>fruetus</strong></span> <span class='ocrx_word' id='word_1_92' title='bbox 1336 2135 2055 2282; x_wconf 42' lang='lat' dir='ltr'><strong>sumptiffiissqlessuperat.</strong></span> 
     </span>
     <span class='ocr_line' id='line_1_21' title="bbox 424 2281 2128 2365; baseline 0 -19"><span class='ocrx_word' id='word_1_93' title='bbox 424 2295 460 2346; x_wconf 71' lang='grc' dir='ltr'><strong><em>ὃ</em></strong></span> <span class='ocrx_word' id='word_1_94' title='bbox 491 2282 696 2360; x_wconf 83' lang='lat' dir='ltr'><strong>Quare</strong></span> <span class='ocrx_word' id='word_1_95' title='bbox 742 2283 1022 2348; x_wconf 82' lang='lat' dir='ltr'><strong>concedo</strong></span> <span class='ocrx_word' id='word_1_96' title='bbox 1067 2283 1153 2347; x_wconf 91' lang='lat' dir='ltr'><strong>sit</strong></span> <span class='ocrx_word' id='word_1_97' title='bbox 1195 2281 1370 2347; x_wconf 85' lang='lat' dir='ltr'><strong>dives</strong></span> <span class='ocrx_word' id='word_1_98' title='bbox 1382 2330 1402 2365; x_wconf 83' lang='lat'><em>,</em></span> <span class='ocrx_word' id='word_1_99' title='bbox 1448 2283 1597 2346; x_wconf 90' lang='lat' dir='ltr'><strong>dum</strong></span> <span class='ocrx_word' id='word_1_100' title='bbox 1642 2281 1857 2347; x_wconf 86' lang='lat' dir='ltr'><strong>omnia</strong></span> <span class='ocrx_word' id='word_1_101' title='bbox 1897 2281 2128 2346; x_wconf 77' lang='lat' dir='ltr'><strong>desint.</strong></span> 
     </span>
     <span class='ocr_line' id='line_1_22' title="bbox 577 2366 2198 2451; baseline -0.002 -19"><span class='ocrx_word' id='word_1_102' title='bbox 577 2366 821 2432; x_wconf 82' lang='lat' dir='ltr'><strong>Saltum</strong></span> <span class='ocrx_word' id='word_1_103' title='bbox 864 2366 1220 2450; x_wconf 86' lang='lat' dir='ltr'><strong>laudemus,</strong></span> <span class='ocrx_word' id='word_1_104' title='bbox 1267 2366 1417 2430; x_wconf 89' lang='lat' dir='ltr'><strong>dum</strong></span> <span class='ocrx_word' id='word_1_105' title='bbox 1460 2367 1651 2431; x_wconf 91' lang='lat' dir='ltr'><strong>modo</strong></span> <span class='ocrx_word' id='word_1_106' title='bbox 1695 2387 1761 2433; x_wconf 83' lang='lat' dir='ltr'><strong>eo</strong></span> <span class='ocrx_word' id='word_1_107' title='bbox 1804 2366 1942 2449; x_wconf 85' lang='lat' dir='ltr'><strong>ipse</strong></span> <span class='ocrx_word' id='word_1_108' title='bbox 1985 2368 2198 2451; x_wconf 86' lang='lat' dir='ltr'><strong>egeat.</strong></span> 
     </span>
    </p>
   </div>
   <div class='ocr_carea' id='block_1_15' title="bbox 1173 2496 1480 2506">
    <p class='ocr_par' dir='ltr' id='par_1_15' title="bbox 1173 2496 1480 2506">
     <span class='ocr_line' id='line_1_23' title="bbox 1173 2496 1480 2506; baseline 0 0"><span class='ocrx_word' id='word_1_109' title='bbox 1173 2496 1480 2506; x_wconf 95' lang='lat' dir='ltr'><strong> </strong></span> 
     </span>
    </p>
   </div>
   <div class='ocr_carea' id='block_1_16' title="bbox 1221 2581 1431 2656">
    <p class='ocr_par' dir='ltr' id='par_1_16' title="bbox 1221 2581 1431 2656">
     <span class='ocr_line' id='line_1_24' title="bbox 1221 2581 1431 2656; baseline -0.005 0"><span class='ocrx_word' id='word_1_110' title='bbox 1221 2581 1431 2656; x_wconf 82' lang='lat' dir='ltr'>CXV.</span> 
     </span>
    </p>
   </div>
   <div class='ocr_carea' id='block_1_17' title="bbox 427 2701 2291 3459">
    <p class='ocr_par' dir='ltr' id='par_1_17' title="bbox 491 2701 2075 2867">
     <span class='ocr_line' id='line_1_25' title="bbox 491 2701 2075 2788; baseline -0.004 -17"><span class='ocrx_word' id='word_1_111' title='bbox 491 2706 781 2772; x_wconf 81' lang='lat' dir='ltr'><strong>Mentula</strong></span> <span class='ocrx_word' id='word_1_112' title='bbox 820 2704 1018 2769; x_wconf 83' lang='lat' dir='ltr'><strong>habes</strong></span> <span class='ocrx_word' id='word_1_113' title='bbox 1060 2705 1266 2769; x_wconf 84' lang='lat' dir='ltr'><strong>instar</strong></span> <span class='ocrx_word' id='word_1_114' title='bbox 1304 2704 1574 2787; x_wconf 82' lang='lat' dir='ltr'><strong>triginta</strong></span> <span class='ocrx_word' id='word_1_115' title='bbox 1613 2703 1836 2788; x_wconf 80' lang='lat' dir='ltr'><strong>iugera</strong></span> <span class='ocrx_word' id='word_1_116' title='bbox 1875 2701 2075 2787; x_wconf 82' lang='lat' dir='ltr'><strong>prati,</strong></span> 
     </span>
     <span class='ocr_line' id='line_1_26' title="bbox 580 2787 1919 2867; baseline -0.004 -12"><span class='ocrx_word' id='word_1_117' title='bbox 580 2789 794 2867; x_wconf 79' lang='lat' dir='ltr'><strong>Quadi:</strong></span> <span class='ocrx_word' id='word_1_118' title='bbox 877 2790 1012 2853; x_wconf 86' lang='lat' dir='ltr'><strong>inta</strong></span> <span class='ocrx_word' id='word_1_119' title='bbox 1054 2789 1216 2853; x_wconf 82' lang='lat' dir='ltr'><strong>arvi:</strong></span> <span class='ocrx_word' id='word_1_120' title='bbox 1262 2790 1474 2852; x_wconf 82' lang='lat' dir='ltr'><strong>cetera</strong></span> <span class='ocrx_word' id='word_1_121' title='bbox 1515 2789 1666 2852; x_wconf 81' lang='lat' dir='ltr'><strong>sunt</strong></span> <span class='ocrx_word' id='word_1_122' title='bbox 1704 2787 1919 2851; x_wconf 82' lang='lat' dir='ltr'><strong>maria.</strong></span> 
     </span>
    </p>

    <p class='ocr_par' dir='ltr' id='par_1_18' title="bbox 495 2869 2070 3042">
     <span class='ocr_line' id='line_1_27' title="bbox 495 2869 2070 2956; baseline -0.005 -15"><span class='ocrx_word' id='word_1_123' title='bbox 495 2873 624 2941; x_wconf 81' lang='lat' dir='ltr'><strong>Cur</strong></span> <span class='ocrx_word' id='word_1_124' title='bbox 662 2895 800 2939; x_wconf 91' lang='lat' dir='ltr'><strong>non</strong></span> <span class='ocrx_word' id='word_1_125' title='bbox 884 2873 1079 2938; x_wconf 85' lang='lat' dir='ltr'><strong>ivitiis</strong></span> <span class='ocrx_word' id='word_1_126' title='bbox 1123 2870 1431 2938; x_wconf 83' lang='lat' dir='ltr'><strong>Croesum</strong></span> <span class='ocrx_word' id='word_1_127' title='bbox 1475 2891 1769 2956; x_wconf 82' lang='lat' dir='ltr'><strong>superare</strong></span> <span class='ocrx_word' id='word_1_128' title='bbox 1809 2869 2070 2954; x_wconf 83' lang='lat' dir='ltr'><strong>potissit</strong></span> 
     </span>
     <span class='ocr_line' id='line_1_28' title="bbox 578 2954 1934 3042; baseline -0.004 -19"><span class='ocrx_word' id='word_1_129' title='bbox 578 2957 727 3023; x_wconf 91' lang='lat' dir='ltr'><strong>Vno</strong></span> <span class='ocrx_word' id='word_1_130' title='bbox 770 2957 882 3042; x_wconf 88' lang='lat' dir='ltr'><strong>qui</strong></span> <span class='ocrx_word' id='word_1_131' title='bbox 922 2957 993 3022; x_wconf 91' lang='lat' dir='ltr'><strong>in</strong></span> <span class='ocrx_word' id='word_1_132' title='bbox 1035 2956 1203 3022; x_wconf 86' lang='lat' dir='ltr'><strong>saltu</strong></span> <span class='ocrx_word' id='word_1_133' title='bbox 1244 2956 1535 3021; x_wconf 85' lang='lat' dir='ltr'><strong>totmoda</strong></span> <span class='ocrx_word' id='word_1_134' title='bbox 1575 2954 1934 3039; x_wconf 82' lang='lat' dir='ltr'><strong>possideat,</strong></span> 
     </span>
    </p>

    <p class='ocr_par' dir='ltr' id='par_1_19' title="bbox 427 3037 2291 3126">
     <span class='ocr_line' id='line_1_29' title="bbox 427 3037 2291 3126; baseline -0.001 -22"><span class='ocrx_word' id='word_1_135' title='bbox 427 3056 463 3104; x_wconf 79' lang='lat'><strong>5</strong></span> <span class='ocrx_word' id='word_1_136' title='bbox 490 3042 714 3123; x_wconf 84' lang='lat' dir='ltr'><strong>Prata,</strong></span> <span class='ocrx_word' id='word_1_137' title='bbox 760 3063 908 3106; x_wconf 82' lang='lat' dir='ltr'><strong>arva</strong></span> <span class='ocrx_word' id='word_1_138' title='bbox 919 3091 939 3124; x_wconf 86' lang='lat'><em>,</em></span> <span class='ocrx_word' id='word_1_139' title='bbox 981 3042 1278 3126; x_wconf 86' lang='lat' dir='ltr'><strong>ingentes</strong></span> <span class='ocrx_word' id='word_1_140' title='bbox 1311 3039 1503 3105; x_wconf 81' lang='lat' dir='ltr'><strong>silvas</strong></span> <span class='ocrx_word' id='word_1_141' title='bbox 1537 3040 1862 3123; x_wconf 73' lang='lat' dir='ltr'><strong>saltusque</strong></span> <span class='ocrx_word' id='word_1_142' title='bbox 1902 3037 2291 3123; x_wconf 80' lang='lat' dir='ltr'><strong>paludesque</strong></span> 
     </span>
    </p>

    <p class='ocr_par' dir='ltr' id='par_1_20' title="bbox 576 3122 2287 3208">
     <span class='ocr_line' id='line_1_30' title="bbox 576 3122 2287 3208; baseline -0.001 -21"><span class='ocrx_word' id='word_1_143' title='bbox 576 3125 796 3207; x_wconf 86' lang='lat' dir='ltr'><strong>Vsque</strong></span> <span class='ocrx_word' id='word_1_144' title='bbox 839 3125 919 3187; x_wconf 87' lang='lat' dir='ltr'><strong>ad</strong></span> <span class='ocrx_word' id='word_1_145' title='bbox 961 3124 1414 3208; x_wconf 83' lang='lat' dir='ltr'><strong>Hyperboreos</strong></span> <span class='ocrx_word' id='word_1_146' title='bbox 1472 3126 1539 3188; x_wconf 87' lang='lat' dir='ltr'><strong>et</strong></span> <span class='ocrx_word' id='word_1_147' title='bbox 1578 3145 1754 3188; x_wconf 87' lang='lat' dir='ltr'><strong>mare</strong></span> <span class='ocrx_word' id='word_1_148' title='bbox 1797 3122 1880 3186; x_wconf 80' lang='lat' dir='ltr'><strong>ad</strong></span> <span class='ocrx_word' id='word_1_149' title='bbox 1923 3122 2287 3187; x_wconf 75' lang='lat' dir='ltr'><strong>Oceanum?</strong></span> 
     </span>
    </p>

    <p class='ocr_par' dir='ltr' id='par_1_21' title="bbox 496 3205 2287 3354">
     <span class='ocr_line' id='line_1_31' title="bbox 496 3205 2287 3354; baseline 0.001 -85"><span class='ocrx_word' id='word_1_150' title='bbox 496 3205 728 3269; x_wconf 87' lang='lat' dir='ltr'><strong>Omnia</strong></span> <span class='ocrx_word' id='word_1_151' title='bbox 768 3228 1004 3291; x_wconf 83' lang='lat' dir='ltr'><strong>magna</strong></span> <span class='ocrx_word' id='word_1_152' title='bbox 1042 3207 1201 3272; x_wconf 84' lang='lat' dir='ltr'><strong>haee</strong></span> <span class='ocrx_word' id='word_1_153' title='bbox 1247 3210 1425 3292; x_wconf 89' lang='lat' dir='ltr'><strong>sunt,</strong></span> <span class='ocrx_word' id='word_1_154' title='bbox 1477 3210 1716 3354; x_wconf 44' lang='lat' dir='ltr'><strong>tamtffi·</strong></span> <span class='ocrx_word' id='word_1_155' title='bbox 1747 3206 1936 3290; x_wconf 86' lang='lat' dir='ltr'><strong>ipse’s</strong></span> <span class='ocrx_word' id='word_1_156' title='bbox 1982 3207 2287 3270; x_wconf 80' lang='lat' dir='ltr'><strong>maximus</strong></span> 
     </span>
    </p>

    <p class='ocr_par' dir='ltr' id='par_1_22' title="bbox 1583 3312 1757 3355">
     <span class='ocr_line' id='line_1_32' title="bbox 1583 3312 1757 3355; baseline 0 0"><span class='ocrx_word' id='word_1_157' title='bbox 1583 3314 1625 3355; x_wconf 88' lang='lat' dir='ltr'><strong>u</strong></span> <span class='ocrx_word' id='word_1_158' title='bbox 1719 3312 1757 3355; x_wconf 92' lang='lat' dir='ltr'>o</span> 
     </span>
    </p>

    <p class='ocr_par' dir='ltr' id='par_1_23' title="bbox 575 3338 2229 3459">
     <span class='ocr_line' id='line_1_33' title="bbox 575 3338 2229 3459; baseline 0.007 -31"><span class='ocrx_word' id='word_1_159' title='bbox 575 3365 728 3429; x_wconf 87' lang='lat' dir='ltr'><strong>Non</strong></span> <span class='ocrx_word' id='word_1_160' title='bbox 769 3369 993 3454; x_wconf 82' lang='lat' dir='ltr'><strong>home,</strong></span> <span class='ocrx_word' id='word_1_161' title='bbox 1039 3372 1149 3436; x_wconf 87' lang='lat' dir='ltr'><strong>sed</strong></span> <span class='ocrx_word' id='word_1_162' title='bbox 1193 3394 1344 3437; x_wconf 85' lang='lat' dir='ltr'><strong>vero</strong></span> <span class='ocrx_word' id='word_1_163' title='bbox 1388 3374 1674 3438; x_wconf 75' lang='lat' dir='ltr'><strong>mentula</strong></span> <span class='ocrx_word' id='word_1_164' title='bbox 1714 3338 1954 3459; x_wconf 75' lang='lat' dir='ltr'><strong>niagna</strong></span> <span class='ocrx_word' id='word_1_165' title='bbox 1995 3374 2229 3439; x_wconf 82' lang='lat' dir='ltr'><strong>minax.</strong></span> 
     </span>
    </p>
   </div>
   <div class='ocr_carea' id='block_1_18' title="bbox 2345 2682 2371 2827">
    <p class='ocr_par' dir='ltr' id='par_1_24' title="bbox 2345 2682 2371 2827">
     <span class='ocr_line' id='line_1_34' title="bbox 2345 2682 2371 2827; textangle 90"><span class='ocrx_word' id='word_1_166' title='bbox 2345 2682 2371 2827; x_wconf 60' lang='lat' dir='ltr'><strong>&#39;P—.„</strong></span> 
     </span>
    </p>
   </div>
   <div class='ocr_carea' id='block_1_19' title="bbox 2357 2828 2371 3119">
    <p class='ocr_par' dir='ltr' id='par_1_25' title="bbox 2357 2828 2371 3119">
     <span class='ocr_line' id='line_1_35' title="bbox 2357 2828 2371 3119; baseline 0 706"><span class='ocrx_word' id='word_1_167' title='bbox 2357 2828 2371 3119; x_wconf 95' lang='lat' dir='ltr'><strong> </strong></span> 
     </span>
    </p>
   </div>
   <div class='ocr_carea' id='block_1_20' title="bbox 1171 3510 1476 3521">
    <p class='ocr_par' dir='ltr' id='par_1_26' title="bbox 1171 3510 1476 3521">
     <span class='ocr_line' id='line_1_36' title="bbox 1171 3510 1476 3521; baseline 0 304"><span class='ocrx_word' id='word_1_168' title='bbox 1171 3510 1476 3521; x_wconf 95' lang='lat' dir='ltr'><strong> </strong></span> 
     </span>
    </p>
   </div>
   <div class='ocr_carea' id='block_1_21' title="bbox 2353 3132 2371 3301">
    <p class='ocr_par' dir='ltr' id='par_1_27' title="bbox 2353 3132 2371 3301">
     <span class='ocr_line' id='line_1_37' title="bbox 2353 3132 2371 3301; baseline 0 -22"><span class='ocrx_word' id='word_1_169' title='bbox 2353 3132 2371 3301; x_wconf 51' lang='lat' dir='ltr'><strong>l,</strong></span> 
     </span>
    </p>
   </div>
  </div>
 </body>
</html>
