2409 3825
257 213 380 281 144
1229 201 1283 261 V

420 374 660 460 'propter
681 372 939 453 signiferi
964 362 1466 449 posituram'totius
1492 364 1647 425 orbis

294 474 398 530 690
424 462 673 540 obliqui,
698 468 878 519 terras
903 463 961 514 et
987 451 1207 513 caelum
1230 450 1437 509 lumine
1459 447 1706 509 lustrans

424 564 604 607 annua
627 542 717 604 sol
738 545 796 601 in
821 557 933 618 quo
964 533 1253 597 concludit
1274 543 1531 612 tempora
1554 547 1797 609 serpens
1812 574 1831 606 ,

425 640 485 690 ut
506 630 649 688 ratio
672 623 923 687 declarat
946 636 1143 681 eorum
1165 618 1261 696 qui
1286 615 1416 676 loca
1443 613 1589 675 caeli

426 713 610 774 omnia
633 708 923 788 dispositis
946 705 1124 781 signis
1150 710 1343 762 ornata
1365 707 1643 759 notarunt⁴

427 805 520 857 aut
545 797 673 872 quia
703 791 949 852 crassior
974 796 1064 846 est
1088 785 1261 846 certis
1286 785 1344 844 in
1372 783 1625 863 partibus
1648 787 1748 840 aer
1763 825 1781 856 ‚

299 891 401 946 695
431 879 537 941 sub
561 877 728 937 terris
749 873 880 933 ideo
903 868 1202 947 tremulum
1222 869 1380 928 iubar
1400 866 1641 926 haesitat
1662 866 1809 941 ignis

429 980 540 1022 nec
564 967 866 1039 penetrare
886 962 1081 1033 potest
1106 949 1278 1012 facile
1300 960 1469 1028 atque
1498 965 1796 1025 emergere
1819 944 1888 1006 ad
1911 955 2103 1010 ortus:

429 1052 737 1125 propterea
758 1049 961 1099 noctes
985 1036 1223 1096 hiberno
1250 1043 1510 1112 tempore
1533 1031 1739 1109 longae

435 1135 695 1202 cessant,
728 1122 857 1183 dum
879 1123 1069 1181 veniat
1091 1118 1360 1179 radiatum
1380 1117 1603 1193 insigne
1632 1114 1760 1175 diei.

433 1219 527 1271 aut
557 1210 723 1269 etiam
741 1252 759 1284 ,
791 1207 919 1283 quia
943 1205 1029 1265 sic
1050 1201 1282 1262 alternis
1306 1201 1559 1279 partibus
1588 1200 1714 1257 anni

310 1305 411 1361 700
433 1294 642 1355 tardius
668 1300 725 1351 et
756 1291 919 1350 citius
954 1294 1299 1349 consuerunt
1324 1282 1613 1343 confluere
1635 1283 1799 1357 ignes
1818 1325 1837 1357 ,
1868 1284 1879 1297 '

436 1379 531 1457 qui
560 1376 769 1436 faciunt
792 1371 975 1433 solem
1006 1379 1162 1430 certa
1185 1367 1497 1445 desurgere
1520 1374 1681 1444 parte

438 1451 760 1541 propterea‘
770 1457 829 1517 fit
851 1457 932 1516 uti
952 1454 1249 1514 videantur
1272 1451 1465 1511 dicere
1488 1466 1699 1508 verum.

520 1543 671 1603 Luna
693 1549 889 1620 potest
916 1536 1056 1599 solis
1083 1536 1253 1596 radiis
1272 1550 1548 1613 percussa
1574 1533 1756 1590 nitere
1772 1574 1790 1605 ‚

438 1631 608 1706 inque
639 1625 761 1685 dies
789 1623 967 1700 magis
989 1622 1057 1680 id
1079 1619 1269 1678 lumen
1290 1625 1628 1677 convertere
1651 1613 1813 1672 nobis

316 1718 416 1775 705
441 1712 511 1771 ad
533 1710 788 1789 speciem
804 1752 822 1784 ,
847 1713 1108 1784 quantum
1136 1700 1278 1763 solis
1303 1698 1524 1761 secedit
1554 1698 1624 1757 ab
1646 1697 1805 1772 orbi,

442 1796 686 1870 donique
718 1808 846 1851 eum
871 1797 1066 1849 contra
1086 1785 1259 1864 pleno
1284 1785 1432 1844 bene
1454 1781 1661 1841 lumine
1684 1778 1841 1839 fulsit

441 1887 612 1955 atque
639 1877 826 1935 oriens
852 1873 1036 1933 obitus
1068 1871 1189 1930 eius
1215 1884 1390 1947 super
1411 1865 1559 1927 edita
1580 1863 1748 1925 vidit:

442 1961 572 2020 inde
594 1957 896 2017 minutatim
920 1964 1075 2015 retro
1106 1953 1267 2030 quasi
1289 1951 1537 2011 condere
1560 1947 1750 2008 lumen

446 2043 620 2104 debet
647 2042 812 2116 item,
839 2047 1044 2116 quanto
1069 2037 1305 2115 propius
1334 2035 1441 2093 iam
1465 2031 1604 2093 solis
1630 2030 1700 2091 ad
1721 2032 1909 2107 ignem

321 2136 423 2192 710
447 2126 651 2187 labitur
674 2143 750 2183 ex
776 2122 880 2182 alia
904 2124 1193 2198 signorum
1216 2127 1376 2197 parte
1402 2134 1510 2196 per
1531 2116 1727 2175 orbem
1744 2136 1777 2192 3,

447 2220 506 2270 ut
536 2209 777 2283 faciunt,
802 2204 987 2264 lunam
1010 2205 1106 2281 qui
1129 2203 1343 2281 fingunt
1367 2219 1501 2261 esse
1526 2199 1659 2278 pilai

449 2289 798 2353 consimilem
823 2305 1139 2365 cursusque
1162 2288 1309 2346 viam
1332 2285 1438 2344 sub
1469 2282 1595 2344 sole
1619 2291 1833 2341 tenere.

449 2385 538 2435 est
563 2374 728 2433 etiam
751 2389 922 2449 quare
945 2372 1177 2450 proprio
1203 2387 1332 2429 cum
1352 2366 1560 2426 lumine
1584 2366 1766 2445 possit

448 2455 669 2518 volvier
692 2463 749 2515 et
778 2456 960 2515 varias
986 2453 1311 2531 splendoris
1341 2450 1584 2510 reddere
1609 2448 1844 2508 formas:

323 2550 424 2606 715
448 2558 657 2619 corpus
681 2540 828 2598 enim
850 2537 987 2597 licet
1014 2556 1147 2597 esse
1174 2535 1356 2611 aliud,
1390 2533 1542 2611 quod
1564 2531 1743 2592 fertur
1771 2539 1828 2589 et
1850 2547 1959 2590 uua

448 2623 652 2684 labitur
679 2621 1009 2681 omnimodis
1035 2637 1344 2679 occursans
1368 2616 1777 2693 officiensque‚

451 2726 561 2768 nec
581 2707 734 2785 potis
759 2713 849 2765 est
877 2706 1066 2779 cerni,
1096 2705 1224 2781 quia
1249 2717 1475 2762 cassum
1497 2697 1706 2758 lumine
1730 2696 1926 2756 fertur.

450 2791 779 2866 versarique
803 2796 1028 2866 potest,
1052 2784 1261 2863 globus
1292 2793 1352 2843 ut
1374 2785 1446 2844 sit
1481 2782 1630 2843 forte
1656 2780 1791 2860 pilai

452 2872 673 2933 dimidia
694 2890 769 2931 ex
795 2871 940 2950 parti
964 2867 1222 2929 candenti
1244 2867 1449 2926 lumine
1475 2868 1682 2926 tinctus
1697 2910 1716 2942 ‚

327 2964 429 3020 720
450 2953 845 3032 versandoque
869 2953 1103 3031 globum
1125 2952 1389 3010 variantis
1415 2949 1589 3010 edere
1619 2949 1826 3008 formas
1843 2992 1861 3023 ‚

453 3041 698 3117 donique
724 3056 850 3096 eam
869 3046 1117 3114 partem,
1150 3052 1542 3113 quaecumque
1571 3042 1661 3092 est
1680 3031 1904 3109 ignibus
1929 3037 2135 3108 aucta,

452 3121 522 3180 ad
547 3122 801 3200 speciem
824 3120 993 3179 vertit
1016 3118 1179 3178 nobis
1205 3116 1522 3194 oculosque
1547 3116 1822 3195 patentis:

369 3272 386 3280 ἦ
455 3203 585 3262 inde
606 3203 911 3261 minutatim
937 3211 1091 3261 retro
1117 3208 1455 3277 contorquet
1479 3208 1539 3259 et
1557 3198 1741 3258 aufert

456 3283 751 3343 luciferam
773 3293 988 3360 partem
1015 3282 1430 3361 glomeraminis
1457 3291 1626 3359 atque
1655 3279 1816 3358 pilai;

335 3374 433 3427 725
459 3374 519 3423 ut
540 3362 885 3438 Babylonica
909 3362 1256 3425 Chaldaeum
1273 3363 1524 3424 doctrina
1545 3362 1796 3422 refutans

460 3444 874 3525 astrologorum
896 3456 1072 3506 artem
1097 3454 1291 3505 contra
1314 3447 1656 3528 convincere
1680 3441 1894 3521 tendit,
2382 3399 2388 3478 l
