2409 3825
903 156 974 207 Χ.
1041 156 1233 205 mon.
1281 154 1328 204 1.
1986 145 2068 210 37

141 289 437 356 civitates
449 338 470 374 ,
534 289 697 355 clam
756 289 904 356 dare
962 313 1000 357 o
1049 313 1221 359 eram
1281 292 1520 378 coepit,
1575 297 1648 359 ut
1701 292 1951 359 Ioniam
2008 298 2073 360 et
2128 320 2226 361 a(

138 375 441 440 Aeoliam
496 368 865 441 restitueret
913 313 1437 442 Atsseniensibus
1535 377 1618 465 id„
1658 399 1800 442 cum
1856 380 2069 444 minus
2096 390 2132 442 8
2179 362 2251 425 Q

139 459 489 545 diligenter
516 463 685 524 esset
712 460 1006 544 celatum,
1036 460 1385 545 Tiribazus,
1417 462 1527 546 qui
1552 448 1861 527 Sardibus
1892 484 2073 547 prae-

139 547 283 609 erat
293 592 313 627 ,
370 541 703 609 Cononem
757 545 1115 629 evocarits-
1138 545 1450 611 simulans
1513 545 1595 611 ad
1653 566 1872 631 regem
1924 568 2072 613 eum

138 649 209 694 se
252 626 510 692 mittere
554 628 720 693 velle
762 624 1001 714 magna
1044 629 1122 693 de
1165 650 1253 694 re.
1329 630 1520 694 huius
1561 632 1793 695 nuntio
1838 651 2071 715 parens

128 732 289 791 Q
331 711 630 796 venisset,
674 712 745 789 in
788 713 1003 784 vincla
1042 715 1367 779 coniectus
1411 716 1525 798 est,
1569 714 1639 778 in
1684 714 1915 798 quibus
1959 715 2071 779 ali·
2128 720 2246 771 Μ

183 794 450 861 uamdiu
476 795 619 860 fuit.
685 796 836 863 inde
863 798 1163 863 nonnulli
1192 820 1340 862 eum
1368 799 1449 862 ad
1473 819 1693 884 regem
1721 798 2060 865 abductum
2092 811 2127 860 4

135 818 368 1030 {bsx
406 881 1645 1050 aagssffsszsssffsafflffisffls·
1660 888 1955 1032 Ρ33333
1975 905 2073 1032 ,3

764 1016 783 1049 ,
2073 1033 2084 1037 ,

135 1050 262 1114 bus
293 1047 627 1133 credimus,
648 1049 946 1135 effugisse
977 1051 1262 1134 scripsit:
1292 1051 1450 1115 illud
1482 1051 1830 1137 addubitat,
1858 1055 2071 1117 utrum

137 1131 440 1199 Tiribazo
487 1133 726 1204 sciente
770 1149 856 1203 a‘n
897 1132 1303 1219 imprudente
1346 1134 1432 1201 sit
1472 1135 1735 1203 factum.

875 1489 967 1566 X.
1068 1490 1322 1567 DION.

308 1636 516 1724 Dion,
560 1636 907 1723 Hipparini
948 1638 1150 1725 filius,
1196 1639 1658 1724 Syracusanus,
1701 1639 1908 1707 nobili
1959 1660 2064 1738 ge·
2103 1642 2137 1704 1

131 1743 315 1812 nere*
346 1727 572 1807 natus,
624 1727 894 1808 utraque
937 1723 1303 1807 implicatus
1346 1725 1685 1809 tyrannide
1726 1723 2069 1809 Dionysio·

132 1829 303 1875 rum.
390 1829 670 1892 namque
713 1807 824 1894 ille
868 1809 1160 1893 superior
1201 1808 1723 1892 Aristomachen,
1782 1830 2069 1875 sororem

131 1891 407 1978 Dionis,
464 1891 692 1958 habuit
741 1892 813 1957 in
865 1893 1309 1979 matrimonio,
1366 1916 1442 1959 ex
1497 1916 1625 1979 qua
1676 1893 1836 1961 duos
1877 1893 2067 1979 filios,
2190 1949 2195 1954 .

28 2015 29 2018 π
131 1977 577 2062 Hipparinum
607 1980 672 2042 et
697 1975 1026 2062 Nisaeum,
1070 1980 1434 2063 procreavit
1454 1950 1853 2067 totidemque
1882 1979 2067 2063 filias,

131 2061 406 2129 nomine
459 2060 546 2128 So
591 2061 917 2160 hrosynen
984 2066 1050 2127 et
1110 2059 1386 2148 Areten,
1454 2085 1725 2148 quarum
1786 2065 2069 2148 priorem
2197 2143 2200 2150 f

28 2153 29 2160 ’
131 2145 457 2231 Dionysio
579 2147 657 2229 ’o,
703 2146 936 2230 eidem,
989 2147 1092 2212 cui
1134 2168 1407 2233 regnum
1458 2148 1747 2232 reliquit,
1792 2151 2067 2233 nuptum
2149 2173 2186 2236 s

136 2229 350 2314 dedit,
394 2230 692 2313 alteram,
736 2231 999 2315 Ar‘eten,
1043 2230 1263 2297 Dioni.
1335 2231 1512 2318 Dion
1554 2237 1768 2320 autem
1810 2234 2064 2317 praeter
2092 2239 2148 2314 2!

130 2314 425 2381 nobilem
467 2314 1015 2398 propinquitatem
1056 2336 1560 2402 generosamque
1603 2318 1919 2382 maiorum
1972 2316 2066 2381 fa·

131 2420 313 2465 mam
343 2398 551 2463 multa
578 2399 705 2463 alia
746 2399 826 2464 ab
867 2402 1101 2464 natura
1140 2399 1370 2465 habuit
1395 2397 1585 2485 bon'a,
1628 2401 1700 2466 in
1742 2402 1845 2466 his
1887 2403 2067 2485 inge-

130 2484 322 2550 nium
353 2480 577 2567 docile,
624 2503 822 2567 come,
868 2487 1090 2569 aptum
1119 2484 1199 2548 ad
1241 2488 1409 2549 artes
1440 2485 1733 2569 optimas,
1764 2505 1961 2569 magn

28 2603 29 2608 κ
134 2567 428 2651 corporis
472 2567 872 2654 dignitatem,
917 2589 1080 2651 quae
1108 2589 1245 2633 non
1273 2567 1613 2632 minimum
1642 2565 2063 2652 commendat,

132 2671 409 2737 magnas
449 2655 780 2736 praeterea
808 2651 1066 2736 divitias
1107 2673 1147 2716 a
1185 2655 1367 2736 patre
1408 2652 1682 2735 relictas,
1773 2675 1885 2717 uas
1926 2651 2064 2736 ipse
2117 2719 2124 2724 ,

27 2717 37 2780 f
131 2734 401 2821 tyranni
453 2736 826 2802 muneribus
868 2739 1150 2801 auxerat.
1251 2738 1388 2800 erat
1439 2735 1705 2800 intimus
1728 2673 2061 2820 ‘iJionysio
2091 2748 2124 2797 3

131 2818 372 2904 priori,
425 2840 635 2904 neque
691 2820 906 2884 minus
957 2824 1224 2906 propter
1277 2813 1488 2885 mores
1543 2839 1735 2905 quam
1790 2820 2065 2894 affinita—

131 2908 287 2968 tem.
359 2924 639 2988 namque
684 2903 806 2969 etsi
837 2902 1139 2988 Dionysii
1181 2901 1523 2978 crudelitas
1568 2904 1627 2969 ei
1670 2901 2063 2989 displicebat,

28 3011 29 3014 ¹
130 2992 356 3053 tamen
401 2988 649 3053 salvum
691 3009 810 3072 pro
856 2991 956 3066 ter
972 2997 977 3004 “
996 2988 1563 3073 necessitudinem,
1620 2990 1827 3087 magis
1872 2990 2066 3053 etiam

107 3093 412 3139 suorum·
433 3087 633 3137 causa·
679 3076 782 3137 stu
827 3072 991 3136 ebat.
1101 3072 1326 3157 aderat
1394 3073 1466 3138 in
1537 3094 1791 3158 magnis
1853 3073 2064 3157 rebus,

131 3156 400 3253 eiusque
465 3156 736 3222 consilio
799 3156 1076 3221 multum
1117 3156 1496 3222 movebatur
1535 3160 1879 3241 tyrannus,
1936 3157 2065 3246 nisi

134 3261 262 3325 qua
304 3247 405 3305 m'
418 3261 490 3306 re
530 3240 738 3306 maior
764 3240 967 3324 ipsius
997 3240 1313 3324 cupiditas
1339 3240 1803 3305 intercesserat.
1889 3240 2060 3325 lega·
2087 3250 2121 3301 4

27 3333 37 3400 ,Ι
127 3325 371 3390 tiones·
409 3335 591 3390 vero
631 3346 881 3409 omnes,
964 3346 1126 3407 quae
1192 3327 1406 3389 essent
1469 3324 1877 3407 illustriores,
1948 3335 2065 3405 per

124 3408 415 3480 Dionem
437 3407 1080 3476 administrabantur:
1112 3429 1274 3493 quas
1304 3406 1561 3492 quidem
1589 3407 1700 3472 ille
1723 3407 2064 3491 diligenter
