2409 3825
191 205 277 269 82
498 234 504 240 ·
523 254 536 261 -
1158 203 1240 264 111

450 371 713 450 Denique
740 388 841 431 cur
861 370 1010 430 acris
1035 367 1304 429 violentia
1327 371 1488 430 triste
1512 369 1741 431 leonum

235 463 341 520 740
362 457 657 517 seminium
682 453 974 532 sequitur,
998 451 1207 531 volpes
1232 451 1396 514 dolus
1414 499 1431 531 ‚
1457 462 1516 515 et
1538 454 1673 532 fuga
1697 472 1941 536 cervos,

368 541 424 619 [a
442 539 696 619 patribus
722 537 881 597 datur
899 546 958 597 et
979 538 1193 616 patrius
1218 554 1397 615 pavor
1417 538 1612 598 incitat
1632 538 1809 616 artus]

365 632 424 684 et
447 625 555 682 iam
579 632 774 682 cetera
797 620 869 681 de
891 638 1108 697 genere
1138 619 1254 680 hoc
1279 639 1380 680 cur
1403 624 1586 681 omnia
1605 621 1873 682 membris

364 726 440 768 ex
464 708 696 767 ineunte
717 722 862 765 aevo
886 712 1267 781 generascunt
1298 707 1643 785 ingenioque
1662 751 1681 783 ‚

367 792 418 852 si
443 808 558 850 non
574 835 592 867 ‚
620 797 779 850 certa
803 804 908 849 suo
934 789 1062 865 quia
1085 790 1303 848 semine
1327 790 1684 867 seminioque

239 881 341 938 745
361 875 450 935 vis
475 874 640 933 animi
666 873 877 951 pariter
900 872 1114 931 crescit
1136 889 1265 932 cum
1290 889 1537 952 corpore
1560 882 1682 933 toto
1696 870 1726 931 ⁸?

366 956 520 1036 quod
543 959 592 1017 si
614 953 922 1015 inmortalis
946 955 1095 1014 foret
1120 963 1181 1015 et
1200 965 1417 1015 mutare
1441 956 1660 1017 soleret

368 1057 646 1119 corpora,
669 1040 962 1120 permixtis
983 1039 1295 1100 animantes
1319 1040 1571 1101 moribus
1600 1049 1829 1117 essent,

367 1124 647 1201 effugeret
677 1124 831 1183 canis
852 1121 1116 1198 Hyrcano
1142 1121 1215 1183 de
1238 1126 1456 1183 semine
1480 1141 1659 1203 saepe

368 1208 652 1284 cornigeri
673 1208 957 1267 incursum
981 1208 1138 1266 cervi
1153 1252 1171 1285 ,
1199 1214 1587 1286 tremeretque
1615 1224 1720 1285 per
1740 1224 1903 1267 auras

239 1299 344 1355 750
365 1293 516 1351 aeris
540 1291 817 1369 accipiter
837 1289 1063 1367 fugiens
1085 1291 1355 1352 veniente
1380 1289 1643 1351 columba
1657 1336 1675 1368 ‚

367 1374 700 1454 desiperent
722 1374 981 1434 homines
997 1420 1014 1451 ‚
1040 1384 1311 1454 saperent
1333 1374 1457 1435 fera
1479 1372 1675 1436 saecla
1696 1373 1958 1435 ferarum.

364 1457 505 1518 illud
527 1460 675 1519 enim
697 1457 839 1519 falsa
856 1457 1036 1518 fertur
1055 1459 1274 1519 ratione
1290 1504 1309 1536 ‚
1344 1458 1498 1538 quod
1519 1460 1672 1518 aiunt

363 1542 715 1603 inmortalem
736 1544 969 1602 animam
990 1551 1201 1603 mutato
1229 1559 1473 1622 corpore
1498 1542 1683 1603 flecti:

366 1626 518 1705 quod
538 1636 781 1688 mutatur
802 1627 951 1687 enim
975 1624 1306 1704 dissolvitur
1323 1673 1340 1705 ‚
1363 1628 1554 1687 interit
1576 1642 1736 1703 ergo.

239 1715 339 1772 755
361 1712 691 1771 traiciuntur
712 1711 861 1771 enim
884 1718 1078 1790 partes
1101 1718 1272 1788 atque
1296 1710 1492 1770 ordine
1516 1711 1779 1787 migrant:

368 1812 542 1872 quare
566 1793 803 1855 dissolui
826 1810 1056 1872 quoque
1075 1792 1292 1854 debent
1316 1811 1494 1872 posse
1517 1811 1624 1872 per
1643 1803 1794 1854 artus
1812 1841 1828 1869 ,

369 1877 614 1956 denique
639 1887 700 1937 ut
724 1878 1004 1938 intereant
1026 1895 1133 1937 una
1159 1894 1286 1937 cum
1316 1894 1560 1957 corpore
1585 1887 1843 1938 cunctae.

368 1963 456 2021 sin
479 1963 688 2020 animas
712 1960 995 2021 hominum
1018 1960 1210 2021 dicent
1230 1962 1288 2021 in
1312 1979 1555 2039 corpora
1575 1980 1805 2040 semper

365 2046 451 2103 ire
473 2043 740 2121 humana,
771 2054 957 2104 tamen
980 2063 1243 2123 quaeram
1269 2063 1370 2105 cur
1391 2064 1426 2105 e
1456 2046 1697 2124 sapienti

244 2136 349 2192 760
372 2127 544 2189 stulta
568 2136 740 2206 queat
762 2128 917 2205 fieri,
941 2146 1052 2188 nec
1074 2129 1326 2209 prudens
1351 2130 1424 2189 sit
1446 2147 1592 2207 puer
1619 2127 1768 2190 ullus
1783 2126 1812 2187 ⁶?

372 2212 446 2290 [si
467 2228 581 2271 non
605 2220 762 2271 certa
784 2228 889 2271 suo
912 2212 1044 2290 quia
1066 2215 1283 2272 semine
1308 2214 1658 2291 seminioque

367 2303 610 2354 nectam
633 2293 835 2355 doctus
858 2312 1040 2373 equae
1067 2294 1257 2373 pullus
1282 2313 1445 2374 quam
1466 2294 1629 2356 fortis
1653 2296 1784 2374 equi
1811 2296 1924 2374 vis}

375 2375 629 2455 scilicet,
654 2379 710 2438 in
731 2387 933 2438 tenero
956 2387 1325 2440 tenerascere
1351 2396 1595 2458 corpore
1618 2389 1864 2440 mentem

370 2460 719 2538 confugient.
747 2461 899 2541 quod
921 2464 971 2523 si
991 2465 1099 2521 iam
1122 2464 1180 2523 tit
1200 2509 1218 2540 ‚
1243 2463 1457 2523 fateare
1486 2473 1791 2523 necessest

241 2551 344 2608 765
369 2543 663 2605 mortalem
684 2564 820 2606 esse
843 2547 1076 2606 animam
1091 2591 1109 2625 ‚
1136 2548 1396 2625 quoniam
1420 2555 1627 2607 mutata
1647 2564 1755 2625 per
1775 2556 1929 2608 artus

367 2637 522 2689 tanto
547 2645 727 2708 opere
750 2631 950 2690 amittit
970 2632 1139 2691 vitam
1162 2648 1510 2709 sensumque
1534 2632 1800 2709 priorem.

368 2730 562 2793 quove
579 2712 749 2774 modo
774 2716 985 2794 poterit
1008 2715 1222 2792 pariter
1241 2731 1371 2773 cum
1394 2731 1639 2793 corpore
1662 2732 1889 2793 quoque

370 2797 694 2857 confirmata
715 2799 964 2876 cupitum
984 2797 1184 2857 aetatis
1208 2805 1445 2875 tangere
1475 2797 1675 2858 florem

367 2880 455 2942 vis
476 2882 641 2941 animi
657 2926 676 2958 ‚
701 2883 808 2942 nisi
833 2882 940 2941 erit
965 2896 1204 2941 consors
1229 2881 1286 2940 in
1309 2882 1531 2958 origine
1551 2878 1771 2960 prima?

241 2965 345 3026 770
368 2963 575 3043 quidve
599 2966 752 3025 foras
776 2965 885 3026 sibi
914 2961 1036 3023 vult
1060 2963 1327 3025 membris
1351 2966 1511 3024 exire
1533 2961 1828 3025 senectis?

366 3065 437 3107 an
456 3050 655 3108 metuit
678 3047 950 3110 conclusa
974 3064 1202 3108 manere
1233 3049 1290 3107 in
1314 3064 1560 3127 corpore
1582 3049 1732 3126 putri
1748 3092 1767 3125 ,

369 3139 428 3190 et
456 3130 654 3191 domus
677 3133 877 3191 aetatis
903 3133 1088 3210 spatio
1108 3149 1182 3190 ne
1204 3130 1363 3191 fessa
1385 3138 1617 3190 vetusto

372 3210 613 3273 obruat?
636 3222 693 3272 at
724 3230 837 3273 non
860 3223 991 3274 sunt
1011 3211 1309 3274 immortali
1332 3212 1447 3273 ulla
1467 3213 1702 3292 pericla.

453 3294 717 3373 Denique
740 3296 980 3356 conubia
1001 3296 1071 3356 ad
1093 3297 1338 3358 Veneris
1367 3306 1675 3376 partusque
1698 3297 1942 3357 ferarum

248 3384 349 3441 775
371 3396 507 3439 esse
527 3379 736 3438 animas
757 3388 989 3456 praesto
1014 3378 1384 3440 deridiculum
1407 3398 1542 3440 esse
1563 3379 1819 3457 videtur,

373 3468 680 3540 expectare
706 3459 1029 3522 immortalis
1053 3461 1306 3522 mortalia
1327 3462 1576 3522 membra
