2409 3825
98 188 317 262 LXVI]
951 187 1183 246 LIBER.
1944 185 2029 250 53

183 350 279 416 Vt
317 351 435 415 tibi
476 352 615 415 tum
658 352 797 416 toto
841 353 1098 434 pectore
1143 350 1454 416 sollicitae

101 435 409 501 Sensibus
454 435 686 519 ereptis
730 456 910 499 mens
954 435 1216 500 excidit!
1262 439 1330 499 at
1369 439 1434 500 te
1478 457 1598 522 ego
1644 439 1811 501 certe
1962 449 2027 500 25

187 519 556 604 Cognoram
596 541 636 582 a
676 540 872 602 parva
912 519 1161 616 virgine
1201 520 1696 605 magnanimam.

99 604 294 668 Anne
338 603 580 667 bonum
622 602 872 676 oblita’s
915 602 1160 667 facmus
1173 653 1191 687 ‚
1239 624 1363 687 quo
1391 604 1639 691 regium
1670 605 1946 689 adepta's

24 725 46 765 ς
188 686 606 773 Coniugium,
651 707 777 771 quo
820 707 954 751 non
995 687 1226 754 fortius
1270 689 1440 754 ausit
1481 688 1647 754 alis?

100 771 231 838 Sed
258 775 397 836 tum
424 774 668 837 maesta
696 772 903 835 virum
931 771 1191 837 mittens
1223 793 1383 856 quae
1410 774 1606 837 verba
1630 773 1926 838 locuta’s!

185 856 505 941 Iuppiter,
547 859 622 920 ut
663 856 836 921 tristi
877 856 1119 920 lumina
1161 877 1351 941 saepe
1391 859 1611 922 manu!
1962 870 2031 919 30

100 939 262 1016 Quis
303 943 370 1004 te
412 941 683 1005 mutavit
722 942 940 1003 tantus
984 940 1180 1004 deus?
1227 963 1309 1005 an
1353 941 1523 1024 quod
1566 944 1851 1006 amantes

187 1023 343 1090 Non
385 1024 579 1108 longe
623 1046 664 1088 a
706 1045 852 1088 caro
898 1045 1161 1109 corpore
1205 1025 1430 1090 abesse
1467 1026 1734 1091 volunt?

99 1109 196 1172 At
238 1130 319 1173 ue
361 1109 453 1173 ibi
494 1130 596 1173 me
643 1109 885 1173 cunctis
929 1129 1046 1193 pro
1091 1108 1259 1173 dulci
1304 1110 1573 1221 coniuge
1619 1110 1779 1175 divis

253 1213 341 1259 on
383 1193 521 1257 sine
563 1193 817 1258 taurino
863 1193 1173 1278 sanguine
1215 1194 1586 1278 pollicitans,

101 1276 210 1342 Sei
253 1275 525 1341 reditum
567 1277 903 1342 tetulisset.
976 1278 1032 1341 is
1075 1277 1236 1342 haut
1277 1278 1346 1342 in
1387 1281 1518 1342 tem
1567 1299 1676 1343 ore
1719 1279 1915 1363 longo
1964 1291 2031 1340 35

20 1349 35 1378 ³
190 1359 461 1445 Captam
503 1360 726 1425 Asiam
769 1362 1050 1447 Aegypti
1094 1361 1328 1427 finibus
1372 1363 1517 1426 addi
1562 1364 1714 1427 erat.

99 1444 264 1521 Quis
310 1466 432 1529 ego
475 1466 591 1529 pro
636 1446 823 1510 factis
868 1446 1125 1511 caelesti
1166 1445 1414 1510 reddita
1458 1448 1644 1512 coetu

186 1529 470 1593 Pristina
511 1532 661 1593 vota
702 1550 873 1593 novo
915 1551 1177 1594 munere
1221 1530 1521 1595 dissoluo.

16 1633 27 1690 3
98 1613 346 1695 Invita,
393 1634 430 1677 o
475 1613 732 1710 regina,
775 1617 888 1678 tuo
935 1615 1012 1678 de
1055 1614 1291 1678 vertice
1335 1614 1527 1697 cessi,

186 1697 428 1762 Invita:
472 1697 691 1761 adluro
734 1701 925 1780 teque
966 1701 1270 1781 tuomque
1314 1702 1533 1781 caput,
1851 1706 1874 1717 “
1967 1710 2036 1760 4ο

16 1835 19 1850 ,
100 1780 189 1846 Di
286 1803 324 1845 a
363 1782 529 1846 ferat
570 1781 743 1865 quod
784 1782 982 1865 siquis
1026 1783 1304 1847 inaniter
1345 1782 1675 1847 adiurarit:

14 1863 19 1902 ³
189 1804 317 1932 ἕὲᾶ
359 1866 468 1950 qui
513 1887 578 1931 se
622 1865 791 1930 ferro
835 1866 1116 1951 postulet
1159 1888 1297 1932 esse
1338 1868 1599 1951 parem?

18 1952 34 1991 ³
102 1949 224 2015 Ille
268 1970 516 2034 quoque
557 1972 810 2015 eversus
852 1971 1038 2015 mons
1080 1954 1208 2035 est,
1251 1971 1438 2100 (111θῖ
1446 1953 1813 2049 ‚maximum
1840 1952 1910 2016 in

1322 2058 1395 2100 or
1439 2059 1464 2099 1

189 2118 539 2204 Progenies
583 2120 783 2185 Thiae
828 2121 998 2187 clara
1042 2119 1512 2204 supervehitur,

103 2202 270 2270 Cum
300 2203 475 2268 Medi
502 2226 802 2288 peperere
831 2226 1067 2269 novom
1095 2226 1290 2287 mare,
1336 2226 1604 2288 cumque
1633 2205 1925 2270 iuventus
1968 2216 2033 2265 45

188 2288 315 2352 Per
357 2288 638 2353 medium
683 2290 869 2354 classi
914 2289 1183 2353 barbara
1223 2290 1403 2354 navit
1444 2289 1684 2354 Athon.

14 2420 15 2425 η
104 2371 275 2447 Quid
317 2372 559 2436 facient
601 2373 838 2456 crineS,
885 2395 1027 2438 cum
1070 2374 1239 2438 ferro
1284 2374 1437 2438 talia
1480 2373 1752 2439 cedant?

189 2456 506 2539 Iuppiter,
552 2461 623 2521 ut
666 2454 826 2522 Chal
869 2457 1000 2522 bon
1044 2479 1234 2522 omne
1277 2479 1480 2542 genus
1522 2461 1771 2542 pereat,

103 2540 195 2605 Et
239 2540 348 2622 qui
391 2541 598 2624 princi
645 2542 708 2605 io
754 2479 872 2606 suh
915 2545 1084 2605 terra
1127 2563 1426 2625 quaerere
1468 2563 1664 2606 venas

187 2624 438 2688 Institit
479 2646 553 2689 ac
625 2626 748 2689 erri
789 2626 1085 2711 frangere
1129 2626 1453 2690 duritiem!
1970 2636 2039 2685 50

14 2726 29 2749 s
103 2709 467 2773 Abiunotae
507 2709 702 2793 paulo
746 2713 895 2774 ante
940 2731 1157 2774 comae
1200 2732 1344 2774 mea
1384 2709 1522 2774 fata
1563 2728 1813 2774 sorores

187 2791 555 2877 Lugebant,
601 2815 745 2858 cum
791 2815 860 2857 se
902 2793 1267 2858 Memnonis
1311 2792 1650 2878 Aethiopis

103 2876 166 2941 V
220 2876 233 2889 ’
287 2896 410 2940 ena
453 2877 768 2961 inpellens
810 2878 1202 2942 nictantibus
1248 2899 1395 2942 aera
1435 2879 1665 2961 pennis

14 3026 15 3029 ,
190 2960 247 3026 Ο
295 2959 448 3024 tulit
487 2962 798 3025 Arsinoes
841 2960 1147 3026 Locridos
1190 2962 1323 3026 ales
1369 2982 1594 3045 equos,

103 3044 171 3110 Is
217 3066 298 3108 ue
388 3066 456 3108 er
499 3044 811 3110 aetherias
853 3068 956 3110 me
998 3046 1234 3110 tollens
1278 3045 1491 3110 avolat
1532 3046 1787 3111 umbras
1975 3056 2041 3107 55

173 3067 281 3192 ‘th
322 3067 592 3193 &exieris
638 3132 813 3194 casto
859 3130 1135 3196 collocat
1174 3131 1246 3193 in
1285 3130 1551 3215 gremio·

104 3212 260 3297 Ipsa
303 3234 485 3277 suum
531 3213 893 3298 Zephyritis
940 3235 1014 3279 eo
1058 3214 1368 3279 famulum
1412 3215 1688 3299 legarat,

177 3296 392 3362 ,Graia
437 3296 611 3363 Cano
659 3298 778 3362 icis
821 3298 1034 3362 incola
1076 3298 1389 3363 litoribus,

108 3380 260 3465 †Hi
305 3381 395 3446 dii
437 3403 560 3445 ven
602 3382 625 3445 i
669 3382 695 3446 i
736 3382 916 3445 vario
958 3404 1043 3445 ne
1087 3382 1297 3447 solum
1338 3383 1409 3447 in
1452 3381 1691 3445 lumine
1736 3381 1897 3445 caeli

188 3464 295 3530 Ex
335 3465 677 3531 Ariadneis
721 3487 911 3530 aurea
952 3466 1347 3552 temporibus
1977 3474 2043 3524 60
