2409 3825
1194 154 1246 216 Ι]
2142 152 2231 218 39

391 333 740 406 quapropter
762 339 876 403 quo
898 340 1048 381 nunc
1070 323 1126 382 in
1148 330 1303 382 motu
1321 322 1723 402 principiorum

393 426 637 488 corpora
660 415 792 486 sunt
807 452 826 484 ‚
857 407 914 467 in
937 404 1141 466 eodem
1161 411 1443 466 anteacta
1466 415 1652 466 aetate
1674 405 1838 466 fuere

393 502 451 554 et
478 490 780 573 posthaec
804 506 1036 568 semper
1056 489 1222 549 simili
1252 490 1468 550 ratione
1497 489 1752 549 ferentur
1767 536 1786 567 ,

260 586 370 639 300
395 586 453 637 et
475 593 621 656 quae
645 574 974 635 consuerint
994 574 1150 650 gigni
1172 573 1477 650 gignentur
1496 572 1696 632 eadem

397 658 733 719 condicione
757 667 816 717 et
844 665 1007 717 erunt
1029 666 1087 716 et
1117 664 1382 717 crescent
1403 656 1576 735 vique
1597 655 1901 734 valebunt,

396 752 660 823 quantum
686 742 893 819 cuique
918 739 1105 800 datum
1127 749 1218 800 est
1241 757 1349 818 per
1373 738 1609 800 foedera
1630 742 1861 800 naturai.

395 845 505 887 nec
528 843 717 885 rerum
741 841 1009 884 summam
1035 833 1377 883 commutare
1402 823 1515 884 ulla
1537 832 1731 902 potest
1754 825 1874 885 vis:

396 929 522 970 nam
543 927 732 988 neque
759 925 874 987 quo
900 908 1085 986 possit
1108 926 1290 984 genus
1310 906 1485 965 ullum
1507 908 1756 967 materiai

261 1002 370 1056 305
400 994 659 1071 effugere
686 1010 760 1052 ex
782 993 932 1051 omni
963 993 1267 1071 quicquam
1297 999 1388 1051 est
1407 1006 1668 1068 usquam
1687 1037 1704 1068 ‚
1728 1009 1916 1071 neque
1938 991 1996 1052 in
2018 1007 2188 1054 omno

393 1077 544 1137 unde
570 1085 766 1136 coorta
793 1084 964 1155 queat
985 1091 1133 1134 nova
1151 1076 1240 1135 vis
1264 1076 1585 1153 inrumpere
1612 1082 1670 1133 et
1692 1093 1913 1135 omnem

396 1170 645 1222 naturam
665 1176 855 1220 rerum
875 1168 1092 1219 mutare
1112 1167 1171 1218 et
1193 1166 1425 1218 vertere
1445 1166 1648 1217 motus.

478 1243 627 1303 Illud
650 1244 709 1302 in
731 1241 819 1303 his
841 1242 1016 1303 rebus
1039 1258 1150 1301 non
1173 1250 1265 1302 est
1285 1241 1538 1302 mirabile
1557 1288 1575 1318 ‚
1604 1260 1777 1320 quare
1795 1286 1813 1319 ‚

313 1345 323 1356 ·
397 1329 581 1388 omnia
602 1345 729 1387 cum
749 1344 937 1386 rerum
960 1324 1262 1405 primordia
1284 1327 1394 1386 sint
1416 1326 1472 1385 in
1493 1335 1648 1385 motu
1664 1371 1683 1402 ,

263 1418 375 1473 310
401 1428 614 1472 summa
633 1419 820 1470 tamen
842 1427 1054 1470 summa
1075 1408 1334 1469 videatur
1360 1419 1511 1469 stare
1535 1411 1728 1487 quiete
1744 1454 1762 1486 ‚

396 1503 629 1575 praeter
651 1511 816 1573 quam
838 1493 1024 1572 siquid
1045 1494 1280 1572 proprio
1306 1492 1398 1553 dat
1426 1510 1672 1572 corpore
1694 1501 1898 1553 motus.

399 1580 578 1639 omnis
603 1579 751 1638 enim
771 1575 945 1654 longe
965 1577 1174 1636 nostris
1195 1576 1267 1636 ab
1293 1576 1556 1655 sensibus
1581 1576 1724 1635 infra

398 1664 702 1740 primorum
724 1670 918 1720 natura
941 1661 1119 1729 iacet;
1145 1670 1495 1739 quapropter
1510 1705 1528 1737 ‚
1551 1659 1646 1719 ubi
1670 1661 1794 1739 ipsa

401 1763 641 1805 cernere
662 1746 770 1804 iam
794 1761 1048 1823 nequeas
1068 1789 1087 1820 ‚
1111 1753 1299 1805 motus
1323 1761 1552 1823 quoque
1577 1761 1817 1823 surpere
1841 1742 2082 1816 debentg

264 1835 372 1890 315
400 1830 735 1909 praesertim
759 1846 915 1904 cum,
942 1846 1087 1907 quae
1112 1829 1398 1906 possimus
1427 1845 1665 1888 cernere
1682 1874 1699 1905 ‚
1735 1826 1926 1888 celent

400 1932 578 1993 saepe
598 1922 783 1973 tamen
804 1922 990 1973 motus
1008 1958 1025 1989 ‚
1052 1914 1237 1991 spatio
1263 1910 1488 1973 diducta
1508 1910 1783 1973 locorum.

399 2015 525 2057 nam
547 2014 725 2075 saepe
757 1997 814 2056 in
837 1996 972 2057 colli
992 1996 1294 2057 tondentes
1318 1995 1526 2077 pabula
1546 1996 1695 2058 laeta

396 2080 685 2158 lanigerae
708 2090 932 2160 reptant
954 2080 1213 2161 pecudes
1240 2098 1352 2158 quo
1379 2099 1656 2160 quamque
1677 2091 1951 2143 vocantes

398 2165 631 2224 invitant
653 2163 866 2225 herbae
893 2173 1246 2243 gemmantes
1269 2181 1402 2224 rore
1424 2167 1680 2242 recenti,

268 2255 378 2310 320
402 2257 461 2308 et
480 2249 662 2309 satiati
685 2251 816 2326 agni
846 2248 1041 2309 ludunt
1064 2246 1383 2328 blandeque
1410 2259 1741 2317 coruscant;

399 2333 581 2392 omnia
605 2350 749 2412 quae
771 2332 936 2393 nobis
965 2331 1141 2409 longe
1167 2331 1404 2393 confusa
1424 2333 1685 2393 videntur

400 2424 459 2475 et
481 2415 642 2477 velut
664 2419 719 2475 in
746 2416 908 2476 viridi
934 2416 1146 2476 candor
1170 2419 1490 2477 consistere
1516 2416 1669 2476 colli.

400 2509 698 2579 praeterea
718 2518 954 2577 magnae
982 2499 1246 2577 legiones
1280 2518 1406 2559 cum
1434 2499 1563 2560 loca
1588 2518 1755 2562 cursu

404 2600 726 2662 camporum
750 2583 1073 2664 complent,
1096 2583 1236 2644 belli
1259 2584 1557 2644 simulacra
1580 2585 1799 2644 cientes
1816 2629 1835 2661 ‚

269 2673 378 2728 325
404 2665 595 2744 fulgor
615 2667 692 2727 ibi
715 2667 785 2728 ad
806 2667 1024 2728 caelum
1052 2687 1119 2727 se
1146 2667 1326 2746 tollit,
1354 2667 1828 2744 totaque—circum

398 2768 532 2811 aere
553 2751 863 2813 renidescit
886 2750 1057 2812 tellus
1074 2798 1091 2828 ‚
1122 2761 1433 2830 supterque
1462 2751 1639 2808 virum
1662 2751 1718 2808 vi

399 2834 619 2893 excitur
636 2834 879 2913 pedibus
903 2838 1120 2896 sonitus
1139 2880 1158 2912 ,
1185 2833 1547 2913 clamoreque
1572 2841 1796 2895 niontes

397 2918 497 2977 icti
518 2920 795 2979 reiectant
816 2937 997 2980 voces
1020 2917 1089 2978 ad
1112 2917 1300 2978 sidera
1321 2916 1508 2977 mundi
1521 2962 1541 2995 ‚

398 3010 457 3061 et
481 3002 693 3061 circum
717 3002 953 3063 volitant
976 3003 1200 3080 equites
1224 3002 1561 3078 mediosque
1583 3010 1824 3081 repente

259 3092 373 3148 330
398 3087 705 3146 tramittunt
722 3085 910 3147 valido
936 3087 1253 3165 quatientes
1276 3087 1488 3164 impete
1515 3102 1778 3164 campos:

397 3176 663 3230 ettamen
687 3180 777 3231 est
799 3169 1022 3249 quidam
1043 3169 1208 3229 locus
1232 3167 1359 3230 altis
1382 3169 1695 3246 montibus,
1721 3169 1886 3229 undo

393 3262 548 3314 stare
569 3253 833 3315 videntur
854 3262 914 3316 et
940 3254 997 3312 in
1022 3254 1235 3331 campis
1260 3253 1579 3313 consistere
1606 3251 1816 3330 fulgor.

477 3334 645 3398 Nunc
671 3356 813 3416 age,
835 3339 944 3397 iam
966 3336 1241 3417 deinceps
1272 3345 1596 3396 cunctarum
1619 3334 1850 3396 exordia
1873 3349 2062 3392 rerum

395 3419 579 3499 qualia
601 3423 712 3482 sint
738 3431 798 3482 et
825 3438 989 3501 quam
1012 3420 1186 3496 longe
1211 3419 1469 3480 distantia
1490 3419 1684 3478 formis
