2409 3825
702 213 902 261 xvm.
977 214 1320 262 0111101100.
1364 211 1412 260 3.
1455 211 1506 260 4.
1712 253 1720 267 .
1980 202 2065 267 '13

300 345 574 412 Interim
616 348 896 413 conflata
936 352 1089 413 sunt
1140 349 1256 413 illa
1296 349 1494 432 bella,
1540 371 1702 434 quae
1746 350 1829 416 ad
1871 352 2066 418 inter-
2093 355 2138 420 3

119 431 474 497 necionem
515 436 666 516 post
691 432 1043 496 Alexandri
1072 436 1347 497 mortem
1376 437 1558 519 gesta
1597 438 1768 516 sunt,
1815 459 2064 502 omncs-

123 538 258 600 que
288 520 756 580 concurrerunt
782 515 864 580 ad
891 516 1261 581 Perdiccam
1292 517 1800 602 opprimendum.
1872 542 2066 604 quem

121 601 256 665 etsi
300 599 627 664 infirmum
669 599 928 665 videbat
941 649 958 682 ,
1002 601 1175 685 quod
1217 622 1386 666 unus
1430 602 1727 667 omnibus
1769 604 2064 669 resistere

122 685 505 768 cogebatur,
547 687 765 750 tamen
808 685 1084 749 amicum
1121 706 1258 750 non
1287 684 1565 751 descruit
1587 707 1795 770 neque
1840 687 2064 753 salutis

123 789 333 852 quam
372 767 524 833 fidei
565 768 693 832 fuit
741 767 1048 852 cupidior.
1145 769 1543 853 praefecerat
1592 770 1768 835 1111110
1807 770 2062 837 Perdic·
2090 786 2123 835 2

122 874 243 917 cas
287 852 347 916 01
435 852 559 916 arti
586 853 800 935 Asiae,
846 873 1008 936 quae
1051 854 1222 917 inter
1250 854 1533 919 Taurum
1570 860 1856 920 montem
1899 856 2066 921 iacet

124 940 333 1020 atque
467 937 923 1020 ellespontum,
1003 940 1069 1001 et
1137 937 1323 1001 illum
1399 960 1602 1003 unum
1677 944 2065 1023 opposuerat

122 1020 492 1104 Europaeis
546 1020 954 1085 adversariis:
1012 1021 1149 1104 ipse
1192 1025 1563 1106 Aegyptum
1619 1028 2063 1109 oppugnatum

123 1104 439 1169 adversus
469 1103 909 1169 Ptolemaeum
950 1109 1089 1169 erat
1128 1105 1473 1189 profectus.
1547 1105 1870 1173 Eumenes
1914 1131 2060 1187 011111
2089 1122 2122 1170 3

121 1190 916 1338 3330ffi2w013223
957 1210 1171 1338 ἓῗὲιῖἓ
1209 1190 2067 1342 ἶὲῗῗθὲΐῗθέἑὲἓῲῗ

124 1356 481 1421 adventare
534 1360 750 1421 autem
802 1356 1164 1436 dic-egentur
1214 1343 1836 1443 Hellespontumque
1889 1328 2064 1425 trani

127 1441 296 1505 sisse
325 1441 669 1524 Antipater
711 1444 777 1505 et
808 1440 1104 1506 Crateros
1146 1462 1388 1526 magno
1430 1463 1574 1506 cum
1620 1444 1900 1508 exercitu
1928 1443 2064 1509 Ma-

127 1524 471 1607 cedonum,
516 1525 639 1589 viri
669 1546 812 1589 cum
842 1525 1129 1590 claritate
1155 1529 1299 1589 tum
1326 1547 1447 1590 usu
1474 1526 1629 1590 belli
1708 1531 2062 1594 raestantes

125 1608 548 1694 (Macedones
598 1630 749 1674 vero
806 1610 1042 1674 milites
1106 1630 1181 1673 ea
1231 1613 1373 1675 tum
1428 1614 1612 1674 erant
1691 1633 1865 1694 ama,
1933 1633 2061 1696 qua
2087 1626 2123 1675 4

121 1715 310 1758 nunc
350 1692 628 1758 Romani
678 1692 1003 1757 feruntur:
1062 1693 1302 1758 etenim
1358 1714 1609 1778 semper
1656 1692 1867 1759 habiti
1911 1701 2064 1762 sunt

122 1777 490 1859 fortissimi,
536 1777 648 1861 qui
690 1799 939 1841 summa
981 1777 1237 1861 imperii
1271 1778 1694 1863 potirentur):
1738 1779 2062 1845 Eumenes

123 1861 356 1927 intelle
403 1861 577 1936 ebat,
645 1861 700 1926 si
764 1862 985 1945 copiae
1054 1884 1205 1927 suae
1270 1866 1687 1948 cognossent,
1760 1863 2062 1930 adversus

125 1968 300 2031 quos
395 1949 734 2011 ucerentur
743 1996 761 2029 ,
820 1968 956 2011 non
1006 1947 1197 2012 modo
1254 1969 1391 2011 non
1431 1948 1662 2030 ituras,
1715 1947 1829 2013 sed
1870 1950 2061 2014 simul

126 2052 282 2095 cum
316 2031 547 2095 nuntio
576 2030 946 2113 dilapsuras.
1018 2031 1236 2114 itaque
1262 2030 1389 2096 hoc
1419 2032 1478 2095 ei
1520 2032 1730 2096 visum
1773 2036 1872 2097 est
1911 2056 2058 2118 pru·
2088 2047 2120 2094 5
2220 2017 2221 2022 ἵ

127 2114 596 2198 (lentissimum,
648 2118 722 2178 ut
763 2114 962 2179 deviis
1005 2115 1344 2179 itineribus
1386 2115 1624 2180 milites
1667 2115 1945 2201 duceret,
1988 2119 2060 2182 in

129 2198 369 2283 quibus
409 2220 563 2263 vera
583 2197 821 2262 ‘audire
874 2220 1011 2263 11011
1063 2200 1355 2283 possent',
1401 2202 1466 2263 et
1518 2199 1598 2265 iis
1650 2201 2063 2285 persuaderet

127 2305 203 2348 se
247 2286 472 2348 contra
513 2282 822 2367 quosdam
862 2282 1168 2348 barbaros
1207 2283 1543 2368 proficisci.
1616 2288 1808 2369 atque
1846 2289 2059 2351 tenuit
2087 2300 2120 2349 6

128 2368 264 2432 hoc
305 2368 706 2450 propositum
749 2371 815 2430 et
854 2368 1033 2449 prius
1075 2368 1146 2432 in
1200 2368 1402 2436 aciem
1451 2369 1797 2434 exercitum
1840 2369 2062 2435 eduxit

125 2450 579 2535 proeliumque
610 2451 945 2534 commisit,
991 2473 1183 2534 quam
1212 2452 1448 2516 milites
1492 2454 1591 2517 sui
1621 2454 1875 2537 seirent,
1915 2475 2060 2518 cum

129 2535 371 2620 quibus
414 2556 591 2599 arma
632 2534 1018 2599 conferrent.
1093 2535 1304 2600 effecit
1346 2536 1539 2599 ctiam
1581 2535 1744 2599 illud
1767 2537 2059 2602 locorum

126 2620 738 2704 praeoccupatione,
792 2622 865 2683 ut
914 2639 948 2682 0
995 2619 1202 2683 uitatu
1244 2619 1460 2702 potius
1515 2617 1873 2704 dimicaret,
1929 2641 2058 2705 0110

123 2703 598 2814 plgsjalebat,
642 2725 835 2788 quam
876 2724 957 2787 pe
1002 2704 1184 2786 itatu,
1238 2723 1367 2787 quo
1413 2705 1551 2766 erat
1593 2702 1887 2769 deterior.

305 2785 589 2869 Quorum
631 2788 940 2852 acerrimo
996 2808 1311 2852 concursu
1365 2808 1512 2870 cQ
1564 2808 1867 2872 magnam
1916 2810 2060 2874 par-
2089 2791 2147 2856 4.

126 2876 269 2937 tem
324 2870 450 2935 diei
513 2876 680 2937 esset
741 2875 1130 2957 pugnatum,
1200 2870 1372 2936 cadit
1435 2870 1731 2937 Crateros
1797 2874 1928 2940 dux
1994 2879 2062 2939 et

125 2955 628 3039 Neoptolemus,
683 2957 795 3039 qui
837 2955 1184 3028 secundum
1226 2956 1440 3020 locum
1481 2955 1735 3041 imperii
1776 2958 2056 3022 tenebat.

128 3062 281 3105 cum
322 3039 446 3103 hoc
488 3040 812 3104 concurrit
851 3041 989 3123 ipse
1017 3039 1358 3105 Eumenes.
1446 3041 1559 3138 0111
1602 3062 1748 3130 Q
1788 3042 1961 3105 inter
1988 3064 2055 3106 se
2085 3055 2117 3103 2

128 3123 451 3207 complexi
507 3124 577 3188 in
618 3127 857 3188 terram
909 3146 987 3188 ex
1042 3124 1222 3209 equis
1275 3124 1686 3208 decidlssent,
1741 3129 1817 3189 ut
1866 3125 2057 3190 facile
2074 3135 2096 3146 ⁸

123 3207 424 3292 intellegi
465 3212 733 3292 possent
783 3209 1045 3280 inimica
1096 3212 1313 3273 mente
1369 3209 1772 3274 contendisse
1814 3210 2060 3286 animo·

173 3314 256 3357 ue
299 3294 507 3378 magis
552 3293 744 3357 etiam
784 3314 1106 3379 pugnasse
1135 3314 1331 3378 quam
1370 3313 1656 3376 corpore,
1699 3314 1835 3357 non
1877 3295 2057 3376 prius

125 3316 418 3441 distracti
461 3381 641 3462 sunt,
700 3398 894 3461 quam
936 3378 1210 3442 alterum
1254 3376 1470 3441 anima
1520 3376 1929 3460 relinqueret.
1975 3377 2057 3465 alp

124 3462 256 3527 hoc
317 3460 565 3547 aliquot
617 3462 829 3548 plagis
870 3460 1193 3527 Eumenes
1248 3460 1651 3544 vulneratur,
1717 3479 1924 3542 neque
1977 3476 2054 3519 00

1984 3573 2005 3620 δ

2208 3312 2253 3333 s..
