2409 3825
13 1771 201 1807 ff.

252 212 376 274 184
1211 208 1288 268 vl

421 376 751 457 expediam,
783 374 933 454 quali
956 384 1149 433 natura
1171 375 1422 451 praedita
1450 384 1730 436 constent.

292 472 397 526 740
419 462 698 541 principio
713 506 732 537 ‚
762 477 874 539 quo
896 460 1124 518 Averna
1147 469 1422 519 vocantur
1447 460 1669 518 nomine
1684 506 1702 537 ,
1727 459 1782 518 id
1805 460 1874 518 ab
1898 477 1965 519 re

420 546 779 624 inpositumst
795 589 812 621 ‚
839 543 967 621 quia
990 552 1117 602 sunt
1137 543 1337 603 avibus
1365 545 1639 603 contraria
1663 545 1881 603 cunctis
1898 590 1915 618 ,

421 649 453 689 e
479 624 715 706 regione
741 645 808 686 ea
831 626 982 705 quod
1005 626 1133 685 loca
1160 644 1287 686 cum
1312 645 1525 686 venere
1548 626 1808 687 volantes
1826 672 1842 704 ‚

419 714 621 790 remigi
649 711 859 772 oblitae
881 728 1190 790 pennarum
1212 710 1342 770 vela
1364 713 1685 787 remittunt,

422 798 887 876 praecipitesque
915 793 1117 855 cadunt
1139 794 1297 854 molli
1323 796 1554 855 cervice
1580 795 1850 873 profusae

298 890 398 943 745
422 883 475 940 in
499 890 705 940 terram
722 925 739 956 ,
766 881 814 937 si
837 878 985 938 forte
1013 881 1088 937 ita
1110 878 1223 938 fert
1246 889 1441 939 natura
1461 879 1719 938 locorum
1735 924 1752 955 ,

423 974 516 1024 aut
539 966 595 1023 in
619 980 818 1042 aquam
837 1009 853 1040 ‚
884 966 931 1023 si
958 963 1106 1023 forte
1130 962 1290 1023 lacus
1316 963 1635 1023 substratus
1655 963 1942 1029 Avernist.
2000 974 2006 979 ·

421 1052 470 1109 is
493 1048 658 1108 locus
685 1056 773 1107 est
797 1045 1002 1107 Cumas
1031 1046 1180 1125 apud
1198 1093 1216 1123 ,
1241 1049 1357 1106 acri
1388 1046 1623 1124 sulpure
1646 1056 1868 1106 montes

427 1131 646 1211 oppleti
673 1130 867 1191 calidis
893 1130 988 1190 ubi
1012 1131 1224 1191 fumant
1257 1131 1507 1191 fontibus
1531 1133 1713 1195 aucti:

424 1227 515 1276 est
544 1225 604 1275 ut
623 1215 933 1274 Athenaeis
955 1217 1010 1274 in
1033 1215 1332 1276 moenibus
1349 1261 1366 1292 ,
1390 1217 1538 1276 arcis
1563 1217 1619 1273 in
1643 1216 1772 1293 ipso

299 1308 401 1362 750
427 1301 648 1360 vertice
665 1345 682 1376 ‚
708 1298 947 1359 Palladis
973 1299 1042 1359 ad
1065 1298 1337 1378 templum
1361 1297 1663 1358 Tritonidis
1687 1297 1864 1356 almae
1881 1343 1898 1369 .,

427 1402 539 1462 quo
563 1401 859 1462 numquam
881 1385 1082 1462 pennis
1106 1382 1405 1462 appellunt
1432 1400 1674 1461 corpora
1697 1399 1902 1439 raucae

428 1470 689 1528 cornices
706 1514 723 1544 ,
748 1485 861 1526 non
885 1486 1012 1527 cum
1038 1466 1249 1528 fumant
1269 1466 1462 1527 altaria
1486 1466 1676 1526 donis:

427 1570 608 1631 usque
634 1550 778 1611 adeo
802 1550 1040 1628 fugitant
1062 1569 1173 1625 non
1196 1554 1307 1612 iras
1332 1550 1575 1610 Palladis
1600 1550 1747 1609 acris

427 1635 693 1715 pervigili
718 1653 886 1695 causa
900 1681 917 1712 ,
950 1634 1174 1695 Graium
1196 1646 1258 1696 ut
1280 1638 1548 1708 cecinere
1572 1639 1784 1712 politae
1800 1677 1817 1708 ‚

238 1758 249 1761 ι
304 1725 403 1781 755
430 1719 536 1780 sed
557 1729 750 1780 natura
776 1718 891 1779 loci
913 1721 969 1778 vi
989 1721 1117 1779 ibus
1148 1720 1329 1779 officit
1352 1720 1479 1798 ipsa
1506 1727 1726 1796 suapte.

427 1807 483 1863 in
508 1802 670 1879 Syria
699 1821 927 1881 quoque
952 1804 1132 1863 fertur
1153 1806 1290 1863 item
1310 1803 1475 1863 locus
1501 1821 1635 1862 esse
1665 1799 1875 1874 videri,

429 1887 810 1968 quadripedes
836 1905 1063 1967 quoque
1092 1904 1204 1968 quo
1229 1886 1483 1949 simulac
1505 1887 1749 1964 vestigia
1771 1884 2011 1963 primum

427 1971 750 2048 intulerint,
776 1974 1027 2048 graviter
1047 1975 1133 2033 vis
1160 1981 1331 2049 cogat
1355 1970 1661 2032 concidere
1682 1972 1805 2049 ipsa
1824 2014 1841 2045 ,

427 2056 683 2115 manibus
713 2065 773 2115 ut
795 2059 842 2116 si
869 2057 928 2116 fit
952 2055 1093 2116 divis
1116 2055 1380 2116 mactatu'
1402 2065 1663 2133 repente.

302 2144 404 2201 760
433 2142 614 2199 omnia
638 2158 782 2218 quae
804 2141 1040 2200 naturali
1060 2143 1278 2201 ratione
1302 2150 1609 2218 geruntur,

431 2234 489 2284 et
515 2224 719 2301 quibus
742 2224 934 2284 effiant
960 2226 1146 2285 causis
1173 2232 1412 2303 apparet
1443 2225 1637 2300 origo;

406 2310 591 2367 ‘ianua
613 2327 685 2367 ne
711 2306 901 2369 Puteis
932 2307 1065 2369 Orci
1088 2309 1421 2386 regionibus
1444 2326 1578 2368 esse

433 2391 727 2469 credatur,
754 2392 1039 2470 posthinc
1069 2394 1277 2453 animas
1299 2392 1647 2452 Acheruntis
1666 2392 1720 2449 in
1744 2404 1872 2448 oras

433 2476 646 2535 ducere
672 2476 821 2535 forte
845 2476 986 2536 deos
1018 2480 1193 2537 manis
1219 2477 1441 2536 inferne
1461 2493 1716 2550 reamur,

305 2564 406 2621 765
430 2560 658 2620 naribus
688 2559 946 2637 alipedes
968 2570 1028 2620 ut
1055 2563 1212 2619 cervi
1234 2578 1412 2639 saepe
1441 2569 1708 2638 putantur

435 2644 647 2704 ducere
672 2644 743 2702 de
766 2643 999 2704 latebris
1023 2646 1312 2723 serpentia
1334 2642 1526 2705 saecla
1549 2642 1810 2702 ferarum.

435 2726 587 2805 quod
618 2726 821 2805 procul
846 2746 878 2787 a
901 2746 1035 2788 vera
1060 2745 1226 2806 quam
1250 2730 1323 2787 sit
1346 2729 1561 2788 ratione
1584 2723 1876 2805 repulsum

437 2813 701 2889 percipe:
731 2829 856 2870 nam
873 2811 943 2871 de
966 2831 1030 2871 re
1053 2830 1201 2872 nune
1223 2814 1347 2889 ipsa
1371 2812 1566 2871 dicere
1592 2826 1785 2870 conor.

518 2893 800 2974 Principio
825 2896 936 2954 hoc
961 2895 1090 2955 dico
1107 2941 1124 2970 ‚
1152 2895 1304 2973 quod
1327 2895 1440 2955 dixi
1463 2912 1641 2972 saepe
1667 2909 1895 2972 quoque
1927 2898 2059 2949 ante
2077 2934 2102 2967 ,

306 2982 409 3038 770
434 2981 659 3038 interra
684 2981 960 3058 cuiusque
985 2978 1131 3038 modi
1154 2997 1344 3039 rerum
1368 2997 1503 3040 esse
1533 2978 1775 3056 figuras;

434 3061 639 3139 multa,
667 3064 796 3122 cibo
823 3081 968 3141 quae
992 3073 1153 3140 sunt,
1177 3061 1367 3122 vitalia
1384 3108 1401 3139 ‚
1427 3061 1716 3139 multaque
1736 3106 1753 3137 ‚
1777 3058 2013 3118 morbos

437 3148 692 3205 incutere
718 3155 776 3205 et
796 3155 1033 3206 mortem
1059 3165 1203 3225 quae
1229 3149 1450 3224 possint
1480 3145 1829 3205 adcelerare.

438 3237 494 3284 et
517 3231 694 3305 magis
718 3249 852 3290 esse
875 3229 998 3291 aliis
1022 3230 1158 3291 alias
1182 3231 1551 3290 animantibus
1573 3238 1733 3306 aptas

406 3365 417 3376 ,
439 3326 533 3367 res
557 3309 625 3367 ad
645 3314 777 3371 vitai
804 3315 1079 3373 rationem
1101 3312 1449 3374 ostendimus
1473 3323 1603 3372 ante

316 3391 417 3445 775
441 3402 676 3466 propter
698 3392 1025 3456 dissimilem
1049 3408 1297 3457 naturam
1322 3395 1725 3474 dissimilisque

440 3481 693 3532 texturas
716 3478 863 3536 inter
881 3498 1016 3538 sese
1040 3483 1362 3558 primasque
1396 3480 1621 3557 figuras.
