2409 3825
317 139 421 209 24'
874 155 996 211 vu.
1055 151 1498 202 Ancmmnns.
1550 149 1696 199 1—3.

859 392 1020 466 VII.
1121 390 1708 465 ALCIBIADES.

247 542 288 606 1
408 586 411 587 ν
494 538 857 606 Alcibiades
869 589 888 623 ,
945 538 1191 607 Cliniae
1234 539 1437 622 filius,
1492 539 1928 607 Atheniensis.
2012 539 2087 606 in
2125 541 2266 615 hoc

302 623 480 715 quid
518 627 753 690 natura
794 623 1047 691 efficere
1090 624 1315 709 possit,
1357 622 1613 691 videtur
1639 627 1917 714 experta.
1998 628 2268 705 comt,

322 708 499 774 enim
538 708 709 774 inter
752 728 991 792 omnes,
1077 708 1148 771 ui
1191 707 1270 773 de
1313 729 1390 773 eo
1433 708 1781 773 memoriae
1806 707 2268 792 prodiderunt„
2369 778 2370 781 ,

320 792 491 859 nihil
532 791 648 857 illo
689 791 888 857 fuisse
917 811 1068 857 exce
1120 792 1333 857 entius
1361 792 1466 858 vel
1508 792 1579 857 in
1622 792 1797 859 vitiis
1840 793 1946 857 vel
1996 792 2070 868 in
2126 793 2262 858 vir-

186 904 207 933 :
262 889 297 936 2
324 876 591 942 tutibus.
697 879 888 940 natus
940 877 1014 940 in
1068 876 1463 960 amplissima
1519 877 1778 943 civitate
1831 897 2082 942 summo
2144 898 2262 964 ge-

320 980 506 1044 nere,
551 961 840 1027 omnium
882 960 1110 1027 aetatis
1152 981 1305 1025 suae
1346 960 1554 1026 multo
1595 960 2127 1044 formosissimus,
2173 961 2263 1029 ad

324 1065 548 1119 omnes
579 1065 681 1109 res
737 1047 925 1128 aptus
974 1043 1354 1128 consiliique
1405 1043 1636 1129 plenus
1717 1066 1996 1129 namque
2050 1046 2262 1130 impe-

322 1131 501 1194 rator
560 1128 689 1193 fuit
739 1149 1024 1193 summus
1074 1132 1143 1193 et
1195 1129 1360 1209 mari
1414 1131 1479 1192 et
1532 1132 1705 1193 terra
1740 1127 2121 1212 sdisertus,
2181 1134 2266 1194 ut

320 1213 396 1277 in
445 1212 670 1295 primis
735 1211 1002 1277 dicendo
1062 1211 1334 1295 valeret,
1403 1212 1577 1296 quod
1636 1215 1821 1278 tanta
1880 1216 2021 1277 erat
2077 1233 2260 1279 com-

321 1295 648 1365 mendatio
707 1296 837 1361 oris
889 1299 1082 1380 atque
1139 1296 1451 1363 orationis
1462 1345 1481 1380 ,
1546 1299 1620 1361 ut
1672 1318 1863 1362 nemo
1921 1297 1982 1361 e'i
2031 1302 2262 1380 posset
2369 1364 2370 1371 χ

123 1398 209 1463 ts
261 1393 296 1441 3
324 1381 648 1464 resistere,
702 1379 908 1463 dives,
968 1400 1115 1445 cum
1167 1384 1442 1464 tempus,
1456 1385 1803 1464 posffiret,
1869 1377 2262 1465 laboriosusj.

320 1465 595 1549 patiens,
638 1464 942 1547 liberalis,
984 1452 1522 1549 effleffdrdus‘fion
1549 1465 1763 1529 minus
1791 1465 1862 1529 in
1892 1465 2026 1529 vita
2055 1486 2262 1548 quam

298 1549 520 1634 ⁸mictu,
563 1548 855 1632 affabilis,
899 1546 1190 1632 blandus,
1232 1549 1631 1633 temporibus
1674 1548 2078 1617 callidissime
2117 1571 2258 1615 ser-

261 1649 299 1696 4
325 1634 537 1700 viens:
581 1631 771 1716 idem,
814 1633 1006 1697 simul
1022 1640 1030 1650 ‘
1047 1652 1122 1697 ac
1163 1653 1233 1697 se
1261 1634 1592 1697 remiserat
1616 1653 1827 1717 neque
1868 1655 2062 1698 causa
2100 1634 2258 1699 sub-

323 1722 465 1782 erat
504 1738 700 1801 quare
743 1717 943 1780 animi
983 1715 1271 1783 laborem
1311 1716 1641 1800 perferret,
1683 1716 2078 1800 luxuriosus,
2122 1717 2262 1783 dis·

320 1801 597 1886 solutus,
661 1800 1070 1898 libidinosus,
1137 1800 1576 1885 intemperans
1640 1801 2103 1886 reperiebatur,
2175 1808 2260 1866 ut

321 1907 547 1951 omnes
582 1883 1077 1969 admirarentur,
1119 1885 1191 1950 in
1220 1906 1352 1950 uno
1389 1885 1654 1951 homine
1678 1888 1928 1954 tantam
1958 1906 2093 1953 esse
2122 1885 2258 1951 dis-
2369 1961 2370 1964 Ἴ

322 1968 808 2037 similitudinem
847 1973 1110 2054 tamque
1153 1969 1471 2035 diversam
1511 1974 1829 2038 naturam.

190 2063 207 2092 ³
246 2055 293 2119 2
492 2053 817 2120 Educatus
870 2058 968 2120 est
1017 2054 1090 2128 in
1142 2053 1335 2119 domo
1376 2054 1612 2119 Pericli
1654 2055 2016 2140 (privignus
2072 2055 2254 2121 enim
2309 2080 2332 2094 2

321 2140 462 2205 eius
515 2139 713 2203 fuisse
779 2138 1068 2225 dicitur),
1133 2136 1419 2203 eruditus
1486 2161 1526 2204 a
1578 2137 1857 2204 Socrate.
1953 2160 2254 2204 socerum

319 2223 552 2289 habuit
590 2221 1050 2318 Hipponicum,
1095 2222 1386 2287 omnium
1430 2221 1675 2288 Graeca
1714 2223 1941 2308 lingua
1979 2223 2254 2307 loquen-

208 2377 223 2384 „
319 2307 488 2374 tium
542 2305 954 2386 ditisslmum,
1010 2308 1115 2392 ut,
1170 2306 1228 2371 si
1279 2308 1418 2391 ipse
1471 2308 1715 2392 fingere
1765 2306 1994 2391 vellet,
2033 2328 2255 2391 neque

319 2390 512 2475 plura
562 2391 741 2455 bona
776 2390 1066 2456 eminisci
1105 2411 1317 2475 neque
1370 2392 1627 2490 maiora·
1660 2395 1880 2476 posset
1920 2393 2255 2489 consequi,

259 2488 296 2537 2
322 2473 1207 2658 ffiffimggssiassafflusvsst
1221 2475 1631 2657 fgrtgxlffligm
1609 2476 1830 2625 1333?
1827 2478 2256 2644 Emffiffi

318 2666 394 2709 m
434 2665 528 2709 eis
569 2666 611 2709 a
652 2642 943 2727 Socrate,
1002 2643 1079 2708 de
1133 2663 1264 2729 quo
1306 2647 1702 2709 mentlonem
1743 2645 1903 2710 fac1t
1942 2643 2132 2709 Plato
2175 2666 2252 2708 m

319 2728 665 2812 symposio.
737 2749 1016 2812 namque
1056 2748 1204 2792 eum
1247 2726 1502 2792 induxit
1529 2731 2137 2794 commemorantem
2180 2749 2253 2792 se
2369 2757 2370 2766 ¹

319 2816 731 2896 pernoctasse
785 2833 932 2876 cum
994 2809 1257 2877 Socrate
1318 2832 1402 2875 ne
1446 2833 1530 2876 ue
1595 2811 1781 2877 aliter
1832 2812 1915 2876 ab
1979 2833 2059 2878 eo
2111 2832 2254 2877 sur-

258 2908 296 2957 a
324 2895 592 2980 rexisse,
660 2915 736 2961 ac
787 2894 960 2959 filius
1011 2917 1053 2960 a
1103 2898 1370 2980 parente
1467 2896 1731 2962 ebuerit.
1828 2899 2252 2980 posteaquam

319 2980 648 3045 robustior
698 2982 796 3043 est
845 2978 1054 3044 factus
1064 3027 1083 3063 ,
1138 3000 1274 3044 non
1315 2979 1529 3043 minus
1569 2980 1809 3045 multos
1851 2980 2120 3064 amavit,
2174 2980 2249 3045 in

321 3084 599 3159 quorum
639 3083 883 3145 amore,
971 3061 1141 3127 uoad
1180 3063 1433 3128 licitum
1476 3066 1574 3128 est
1602 3063 1854 3148 odiosa,
1897 3064 2105 3129 multa
2143 3062 2251 3128 de·—

318 3145 512 3209 hcate
553 3146 894 3229 iocoseque
965 3148 1117 3212 ecit:
1173 3167 1337 3232 quae
1380 3146 1782 3233 referremus,
1831 3147 1961 3213 nisi
1999 3147 2250 3213 maiora

320 3227 580 3307 potiora
619 3228 1018 3294 haberemus.
1601 3245 1606 3250 ’
1743 3235 1752 3240 ’

245 3305 293 3367 3
362 3386 379 3401 .
493 3306 680 3374 Bello
721 3310 1192 3396 Peloponnesio
1236 3314 1428 3379 huius
1470 3315 1741 3392 consilio
1796 3320 1989 3401 atque
2032 3320 2249 3381 aucto·
2369 3381 2370 3396 ,

321 3389 514 3453 ritate
568 3390 999 3474 Athenienses
1059 3396 1300 3462 bellum
1365 3397 1778 3481 Syracusanis
1843 3400 2250 3466 indixerunt:
