2409 3825
640 479 1667 652 r.;mcuu'r1mm

306 723 495 837 ΙΙΕ
611 721 1195 838 RERUM
1308 718 2002 840 mrum

664 915 665 918 ‘
789 905 1077 1072 mun
1128 903 1518 991 ramus.

323 1176 665 1287 Aeneadum
687 1225 981 1300 genetrix,
1018 1178 1304 1282 bominum
1327 1222 1631 1303 divomque
1650 1224 1960 1365 voluptas·
1931 1271 1952 1305 ,

322 1307 468 1369 alma
489 1306 719 1383 Venus,
732 1306 891 1366 caeli
914 1306 1113 1366 subter
1133 1305 1380 1366 labentia
1401 1309 1563 1385 signa

326 1410 472 1469 quae
494 1408 647 1451 mare
669 1392 1029 1467 navigerum,
1067 1407 1212 1469 quae
1229 1400 1417 1451 terras
1440 1390 1830 1469 frugiferentis
1891 1441 1896 1447 .

329 1474 704 1535 concelebras
718 1519 736 1550 ‚
762 1492 871 1551 per
893 1484 955 1533 te
975 1476 1242 1552 quoniam
1258 1489 1443 1551 genus
1466 1490 1633 1535 omne
1655 1476 2000 1538 animantum

262 1569 299 1621 5
330 1559 654 1637 coneipitur
672 1559 921 1635 visitque
943 1567 1200 1617 exortum
1224 1557 1430 1616 lumina
1457 1558 1617 1619 solis.

325 1650 386 1701 te
403 1688 422 1717 ‚
447 1640 555 1702 dea
571 1688 589 1719 ‚
612 1650 672 1701 te
694 1640 919 1718 fugiunt
932 1643 1099 1700 *venti
1109 1651 1214 1717 ‚te
1239 1641 1431 1701 nubila
1455 1641 1601 1701 caeli

326 1724 921 1802 adventumque‘tuum
937 1770 955 1801 ‚
991 1725 1093 1783 tibi
1118 1725 1307 1785 suavis
1331 1722 1760 1785 daedala-tellus

327 1811 620 1869 summittit
643 1808 816 1876 flores
833 1855 852 1885 ‚
864 1808 995 1867 ‘tibi
1007 1807 1199 1867 rident·
1213 1824 1464 1886 aequora
1485 1810 1645 1886 ponti

329 1892 725 1971 placatumque
747 1894 889 1952 nitet
911 1891 1116 1953 dmum
1138 1891 1348 1952 lumine
1372 1890 1608 1952 eaelum.

226 1990 298 2040 10
327 1994 455 2036 nam
477 1976 641 2036 simul
663 1994 730 2035 ae
744 1978 989 2054 speeies
1014 1976 1356 2054 patefactast
1375 1994 1550 2036 verna
1571 1975 1684 2036 diei

330 2068 390 2119 et
410 2068 665 2120 reserata
684 2061 844 2136 viget
865 2059 1188 2136 genitabilis
1211 2078 1342 2120 aura
1364 2060 1552 2120 favoni
1569 2107 1587 2138 ‚

330 2146 520 2203 aeriae
549 2145 785 2222 primum
806 2140 1075 2204 volueres
1099 2153 1157 2203 te
1174 2189 1191 2221 ‚
1220 2143 1376 2221 diva,
1399 2153 1669 2222 tuumque

331 2227 651 2304 significant
672 2228 866 2286 initum
888 2226 1191 2306 perculsae
1220 2227 1393 2287 corda
1414 2237 1507 2288 tua
1529 2229 1603 2287 vi.

330 2310 461 2370 inde
484 2311 642 2371 ferae
665 2310 921 2389 pecudes
945 2308 1260 2393 persultant
1283 2311 1489 2389 pabula
1511 2311 1659 2371 laeta

228 2407 302 2460 15
332 2404 392 2454 et
411 2394 642 2473 rapidos
663 2403 881 2454 tranant
903 2396 1108 2454 amnis:
1142 2396 1218 2453 ita
1244 2403 1409 2473 capta
1427 2394 1629 2472 lepore

332 2488 391 2539 te
409 2480 666 2557 sequitur
688 2477 892 2556 cupide
918 2493 1032 2556 qno
1057 2490 1336 2556 quamque
1357 2477 1630 2538 iuducere
1650 2480 1864 2578 pergis.

335 2560 580 2639 denique
604 2580 710 2641 per
727 2564 898 2621 maria
921 2579 989 2621 ae
1015 2563 1221 2621 montis
1246 2560 1566 2639 fluviosque
1584 2564 1807 2660 rapacis

333 2644 786 2724 frondiferasque
811 2643 1008 2706 domos
1035 2646 1219 2704 avium
1244 2661 1591 2723 camposque
1612 2646 1847 2706 virentis
1915 2678 1926 2697 ι

334 2729 594 2790 omnibus
618 2730 898 2789 incutiens
924 2718 1187 2788 blandum
1208 2746 1318 2807 per
1338 2738 1576 2806 pectora
1600 2744 1890 2790 amorem

226 2823 302 2878 20
333 2813 518 2873 efficis
541 2823 602 2873 ut
627 2812 831 2891 cupide
846 2814 1166 2890 generatim
1189 2812 1382 2872 saecla
1402 2822 1739 2890 propagent.

333 2914 480 2976 quae
504 2898 764 2975 quoniam
782 2914 973 2956 rerum
992 2905 1242 2955 naturam
1265 2892 1389 2956 sola
1411 2896 1727 2973 gubernas,

333 2999 445 3041 neo
468 2983 672 3041 sinete
697 2982 997 3058 quiequam
1018 2979 1138 3039 dias
1159 2982 1228 3039 in'
1242 2979 1465 3040 luminis
1488 2995 1618 3038 oras

335 3067 587 3124 exoritur
607 3082 797 3143 neque
822 3064 882 3124 fit
902 3062 1112 3124 laetum
1133 3078 1327 3142 neque
1346 3061 1583 3122 amabile
1607 3064 1940 3141 quiequam,

331 3157 392 3209 te
410 3150 631 3208 ‘sociam
653 3146 858 3208 studeo
881 3145 1198 3208 scribendis
1222 3147 1486 3207 versibus
1510 3163 1646 3206 esse
1662 3191 1680 3222 ‚

235 3243 305 3293 25
334 3249 481 3309 quos
505 3250 621 3309 ego
644 3231 717 3292 de
737 3249 926 3292 rerum
945 3239 1139 3290 natura
1159 3246 1412 3309 pangere
1438 3246 1617 3290 eonor

330 3312 701 3376 Memmiadae
722 3326 953 3392 nostre,
979 3331 1147 3394 quem
1169 3324 1262 3391 tu,
1288 3313 1425 3389 dea,
1459 3321 1719 3390 tempore
1742 3312 1800 3369 in
1824 3311 1972 3369 omni

333 3399 594 3460 omnibus
621 3384 873 3459 ornatum
894 3398 1125 3458 voluisti
1149 3395 1441 3457 excellere
1464 3396 1656 3455 rebus.

247 3472 1823 3542 Lucnnr1us.l
1896 3560 1918 3679 l
