2409 3825
1209 187 1262 247 ΙΙ
2152 188 2232 252 41

394 355 529 434 quin
552 361 898 413 intercurrat
922 352 1194 433 quaedam
1219 355 1479 415 distantia
1503 356 1714 416 formis.

398 437 858 516 concharumque
883 455 1067 515 genus
1094 435 1256 515 parili
1281 439 1499 497 ratione
1523 439 1777 500 videmus

251 529 366 585 375
390 524 634 600 pingere
660 520 887 580 telluris
909 523 1218 598 gremium,
1245 538 1356 599 qua
1383 520 1649 582 mollibus
1674 520 1836 586 undis

393 605 578 667 litoris
599 607 820 665 incurvi
845 603 1089 663 bibulam
1111 607 1266 682 pavit
1295 622 1512 682 aequor
1540 605 1822 668 harenam.

396 707 571 770 quare
599 689 767 748 etiam
793 696 964 767 atque
988 690 1156 747 etiam
1178 686 1346 747 simi-li
1375 691 1590 749 ratione
1621 699 1961 771 necessest,

396 783 591 834 natura
617 773 877 851 quoniam
902 780 1162 831 constant
1184 790 1373 851 neque
1396 772 1545 833 facta
1566 792 1731 834 manu
1752 786 1880 836 sunt

395 860 561 917 unius
584 855 654 915 ad
679 865 889 915 certam
917 855 1150 914 formam
1172 857 1476 933 primordia
1501 874 1689 917 rerum
1705 904 1723 936 ,

262 951 375 1006 380
395 939 651 1002 dissimili
672 942 821 998 inter
847 958 913 999 se
938 938 1212 1018 quaedam
1229 938 1467 999 volitare
1493 942 1686 1020 figura.

480 1022 763 1084 Perfacile
791 1033 880 1083 est
902 1021 1063 1101 parili
1086 1024 1304 1083 ratione
1332 1024 1637 1086 exsolvere
1662 1026 1826 1088 nobis

397 1125 574 1189 quare
600 1107 902 1167 fulmineus
922 1106 1098 1165 multo
1126 1106 1475 1184 penetralior
1492 1110 1640 1187 ignis

398 1210 566 1272 quam
588 1201 787 1251 noster
814 1190 932 1250 fuat
954 1209 989 1250 e
1008 1188 1190 1250 taedis
1214 1192 1583 1252 terrestribus
1613 1203 1799 1254 ortus:

396 1277 595 1336 dicere
620 1272 773 1335 enim
792 1276 983 1353 possis
1012 1273 1325 1334 caelestem
1349 1274 1595 1337 fulminis
1621 1279 1810 1355 ignem

265 1369 371 1426 385
400 1358 668 1421 subtilem
695 1361 876 1436 magis
906 1377 939 1418 e
968 1360 1157 1436 parvis
1185 1368 1449 1419 constare
1472 1361 1701 1439 figuris,

395 1454 567 1523 atque
590 1442 723 1502 ideo
745 1444 985 1502 transire
1006 1441 1275 1502 foramina
1300 1460 1447 1521 quae
1469 1446 1663 1523 nequit
1687 1446 1832 1523 ignis

395 1538 595 1588 noster
615 1526 709 1585 hio
734 1546 768 1586 e
788 1525 959 1603 lignis
987 1535 1114 1585 ortu
1144 1524 1426 1605 taedaque
1459 1538 1702 1588 creatus.

396 1620 697 1691 praeterea
725 1609 915 1668 lumen
938 1627 1044 1687 per
1069 1626 1303 1669 cornum
1325 1613 1559 1687 transit,
1586 1622 1640 1671 at
1662 1613 1844 1671 imber

393 1696 703 1773 respuitur.
736 1711 910 1773 quare
923 1689 965 1751 ‘2'
979 1695 1087 1752 nisi
1110 1692 1335 1754 luminis
1357 1692 1454 1754 illa
1471 1696 1684 1754 minora

267 1788 374 1843 390
397 1794 643 1858 corpora
672 1787 809 1844 sunt*
825 1792 989 1856 quam
1011 1776 1082 1838 de
1109 1777 1315 1856 quibus
1343 1776 1649 1856 est‘liquor
1674 1779 1850 1841 almus
1874 1793 2156 1860 aquarum.

398 1872 456 1924 et
485 1863 739 1943 quamvis
764 1862 954 1922 subito
977 1879 1084 1940 per
1109 1861 1297 1921 colum
1319 1864 1449 1922 vina
1468 1860 1725 1924 videmus

399 1947 720 2026 perfluere:
747 1954 802 2005 at
828 1955 1022 2005 contra
1043 1945 1261 2005 tardum
1287 1955 1588 2007 cunctatur
1603 1947 1814 2008 olivom
1831 1994 1851 2027 ‚

396 2042 489 2091 aut
513 2033 642 2110 quia
661 2076 678 2107 ,
704 2031 957 2088 nimirum
974 2076 993 2105 ‚
1023 2030 1326 2091 maioribus
1351 2040 1441 2090 est
1466 2030 1764 2104 elementis

396 2124 492 2175 aut
512 2113 691 2191 magis
716 2113 949 2173 hamatis
970 2116 1118 2172 inter
1140 2133 1209 2174 se
1230 2132 1450 2192 perque
1477 2115 1702 2193 plicatis
1718 2162 1735 2195 ‚

270 2208 371 2263 395
399 2209 572 2280 atque
594 2198 727 2257 ideo
754 2197 815 2257 fit
837 2198 918 2257 uti
941 2214 1054 2256 non
1074 2207 1186 2257 tam
1213 2198 1441 2258 diducta
1458 2210 1700 2277 repente

396 2286 547 2343 inter
572 2301 640 2343 se
664 2284 889 2360 possint
908 2279 1218 2361 ‘primordia
1240 2281 1461 2359 singula
1486 2301 1747 2363 quaeque

396 2363 619 2446 singula
646 2384 753 2444 per
775 2365 1054 2445 cuiusque
1078 2364 1349 2425 foramina
1371 2383 1719 2443 permanare.

479 2449 607 2510 Huc
630 2450 856 2511 accedit
880 2450 958 2509 uti
978 2446 1164 2508 mellis
1184 2448 1467 2528 lactisque
1491 2449 1746 2530 liquores

399 2532 646 2598 iucundo
670 2552 844 2595 sensu
871 2533 1100 2610 linguae
1127 2542 1439 2592 tractentur
1459 2536 1515 2594 in
1539 2552 1671 2595 ore:

275 2628 375 2682 400
396 2628 453 2679 at
478 2626 675 2679 contra
695 2626 877 2677 taetra
896 2615 1137 2677 absinthi
1160 2627 1352 2677 natura
1380 2616 1605 2696 ferique

400 2704 653 2763 centauri
675 2699 850 2761 foedo
874 2709 1250 2781 pertorquent
1276 2718 1374 2760 ora
1395 2715 1634 2780 sapore;

397 2794 460 2846 ut
481 2785 653 2846 facile
677 2802 959 2862 agnoscas
990 2805 1024 2846 e
1052 2785 1277 2845 levibus
1298 2794 1469 2864 atque
1493 2784 1747 2845 rutundis

398 2888 536 2932 esse
561 2886 632 2932 ea
655 2887 801 2948 quae
825 2888 1030 2931 sensus
1051 2868 1297 2929 iucunde
1320 2878 1556 2947 tangere
1584 2880 1861 2948 possunt,

395 2963 453 3015 at
477 2961 676 3014 contra
698 2971 843 3033 quae
866 2971 1048 3013 amara
1070 2963 1241 3033 atque
1262 2969 1468 3032 aspera
1491 2970 1731 3033 cumque
1754 2949 2048 3034 videntur,

277 3049 373 3101 405
395 3037 543 3104 haec
563 3039 744 3115 magis
767 3036 999 3097 hamatis
1022 3039 1170 3098 inter
1191 3053 1259 3097 se
1286 3051 1432 3097 nexa
1459 3040 1643 3097 teneri
1662 3084 1680 3115 ,

395 3130 820 3201 proptereaque
845 3120 1038 3181 solere
1065 3124 1185 3181 vias
1215 3121 1548 3182 rescindere
1569 3124 1779 3184 nostris

395 3203 666 3268 sensibus
688 3205 1032 3284 introituque
1063 3221 1168 3266 suo
1192 3221 1566 3285 perrumpere
1591 3223 1821 3286 corpus.

482 3287 682 3352 Omnia
704 3299 998 3372 postremo
1020 3290 1171 3349 bona
1192 3287 1458 3350 sensibus
1481 3297 1540 3350 et
1561 3286 1706 3350 mala
1724 3295 1879 3350 tactu

393 3372 656 3435 dissimili
685 3375 833 3442 inter
859 3390 926 3435 se
950 3381 1202 3452 pugnant
1227 3373 1486 3450 perfecta
1510 3371 1718 3450 figura:

273 3465 369 3520 410
393 3463 554 3518 netu
576 3456 729 3517 forte
753 3463 923 3537 putes
947 3473 1144 3517 serrae
1169 3454 1460 3516 stridentis
1483 3453 1748 3515 acerbum
