2409 3825
207 179 293 247 78
1170 175 1255 236 111

378 347 730 428 dispertitam
756 346 972 406 animae
993 354 1249 406 naturam
1272 344 1469 404 exisse
1492 361 1601 423 per
1627 354 1817 423 artus,

378 442 437 492 et
460 433 619 511 prius
647 449 783 494 esse
812 430 920 495 sibi
949 427 1272 492 distractam
1299 444 1544 507 corpore
1575 430 1783 510 inipso
1802 477 1820 509 ,

377 534 543 595 quam
565 514 836 595 prolapsa
858 513 1013 576 foras
1041 521 1240 581 enaret
1268 512 1323 570 in
1346 514 1498 573 aeris
1519 530 1704 575 auras.

247 609 353 664 590
378 602 512 679 quin
536 601 704 661 etiam
729 598 854 658 finis
877 596 1009 657 dum
1036 599 1186 661 vitae
1217 597 1455 656 vertitur
1480 597 1622 658 intra
1637 642 1656 674 ‚

378 703 555 764 saepe
576 683 764 762 aliqua
783 691 971 744 tamen
998 700 1033 743 e
1066 697 1238 743 causa
1258 677 1542 742 labefacta
1568 680 1795 742 videtur

374 771 458 829 ire
485 769 665 828 anima
686 785 755 826 ac
777 776 901 827 toto
924 763 1070 826 solui
1092 764 1165 826 de
1189 780 1437 842 corpore
1459 765 1613 826 velle
1627 810 1645 842 ,

379 862 438 913 et
468 852 628 932 quasi
652 866 921 930 supremo
944 847 1326 928 languescere
1350 857 1612 929 tempore
1641 848 1832 913 voltus
1850 897 1869 930 ,

378 934 686 1013 molliaque
716 934 993 1011 exsangui
1025 933 1233 995 cadere
1254 933 1511 995 horrore
1534 935 1720 994 omnia
1739 935 2012 995 membra.

250 1030 353 1083 595
378 1019 531 1099 quod
560 1036 745 1096 genus
769 1027 890 1095 est,
912 1017 1098 1078 animo
1121 1016 1271 1078 male
1301 1016 1514 1078 factum
1546 1036 1674 1078 cum
1695 1018 2042 1098 perhibetur

376 1114 472 1164 aut
498 1105 735 1163 animam
758 1101 1031 1180 liquisse:
1061 1102 1158 1162 nbi
1183 1102 1294 1162 iam
1313 1101 1628 1180 trepidatur
1651 1111 1710 1161 et
1741 1119 1939 1165 omnes

378 1196 694 1248 extremum
719 1188 950 1265 cupiunt
976 1187 1129 1247 vitae
1156 1184 1587 1264 reprehendere
1609 1184 1888 1246 vinclum:

381 1280 792 1349 conquassatur
819 1272 969 1330 enim
990 1280 1109 1331 tum
1139 1288 1304 1330 mens
1320 1271 1654 1348 animaeque
1677 1279 1935 1350 potestas

382 1357 598 1431 omnis,
631 1363 688 1414 et
713 1355 858 1415 haec
881 1356 1011 1435 ipso
1036 1373 1165 1415 cum
1188 1370 1437 1434 corpore
1469 1353 1881 1423 conlabeflunt;

245 1450 349 1503 600
371 1449 433 1499 ut
458 1440 685 1517 gravior
705 1437 877 1517 paulo
898 1440 1086 1517 possit
1115 1437 1437 1500 dissolvere
1463 1455 1650 1501 causa.

379 1524 513 1604 quid
543 1523 766 1584 dubitas
793 1523 1019 1584 tandem
1044 1524 1177 1602 quin
1198 1530 1361 1583 extra
1381 1520 1605 1600 prodita
1628 1537 1838 1600 corpus

376 1606 649 1668 inbecilla
669 1605 825 1667 foras
841 1653 859 1685 ‚
883 1590 941 1666 in
970 1615 1172 1687 aperto
1190 1653 1210 1685 ,
1232 1607 1488 1683 tegmine
1511 1604 1778 1684 dempto,

378 1710 494 1753 non
522 1691 693 1752 modo
718 1708 833 1752 non
856 1709 1080 1751 omnem
1102 1691 1290 1770 possit
1316 1689 1516 1751 durare
1546 1707 1654 1769 per
1675 1706 1874 1749 aevom
1892 1735 1910 1767 ‚

378 1775 483 1838 sed
507 1777 793 1835 minimum
817 1775 1058 1853 quodvis
1085 1783 1332 1853 nequeat
1361 1774 1680 1836 consistere
1702 1771 1970 1853 tempus?

250 1870 355 1924 605
381 1879 493 1921 nec
519 1860 628 1920 sibi
650 1860 800 1920 enim
823 1860 1121 1939 quisquam
1143 1860 1397 1922 moriens
1421 1859 1636 1919 sentire
1656 1856 1884 1919 videtur

380 1946 464 2004 ire
487 1944 644 2005 foras
667 1943 908 2003 animam
930 1942 1275 2004 incolumem
1304 1942 1377 2003 de
1402 1958 1649 2021 corpore
1673 1950 1795 2003 toto
1812 1988 1830 2020 ‚

377 2047 490 2088 nec
519 2030 677 2107 prius
698 2026 770 2086 ad
799 2025 1053 2105 iugulum
1084 2037 1143 2087 et
1175 2045 1386 2107 supera
1409 2025 1729 2088 succedere
1752 2025 1951 2104 fauces
1965 2073 1990 2104 ,

377 2130 577 2172 verum
600 2109 852 2170 deficere
871 2113 930 2170 in
962 2121 1119 2171 certa
1145 2113 1387 2189 regione
1417 2109 1690 2179 locatam;

378 2206 439 2256 ut
459 2214 667 2257 sensus
693 2192 838 2254 alios
866 2196 922 2254 in
943 2197 1088 2276 parti
1111 2212 1400 2274 quemque
1428 2211 1530 2255 sua
1557 2194 1669 2255 scit

245 2292 352 2345 610
379 2278 634 2341 dissolui.
661 2277 814 2358 quod
837 2280 887 2339 si
905 2278 1219 2341 inmortalis
1241 2288 1436 2339 nostra
1459 2278 1611 2339 foret
1633 2296 1795 2337 mens
1811 2323 1829 2356 ,

378 2381 492 2423 non
518 2373 633 2423 tam
658 2380 723 2424 se
753 2365 1004 2425 moriens
1026 2362 1265 2433 dissolvi
1291 2370 1773 2440 conquereretur,

376 2446 481 2510 sed
504 2447 687 2524 magis
716 2447 800 2506 ire
830 2446 985 2507 foras
1007 2457 1353 2525 vestemque
1379 2445 1706 2524 relinquere
1724 2491 1742 2523 ,
1775 2455 1836 2505 ut
1856 2446 2086 2523 anguis.
2388 2443 2394 2486 ἵ

460 2530 727 2610 Denique
759 2549 861 2590 cur
880 2533 1047 2591 animi
1068 2547 1371 2609 numquam
1400 2547 1563 2590 mens
1595 2528 2011 2606 consiliumque

377 2618 628 2695 gignitur
649 2616 920 2694 incapite
944 2625 1039 2675 aut
1061 2614 1308 2694 pedibus
1336 2614 1667 2675 manibusve
1684 2658 1703 2691 ,
1736 2614 1840 2675 sed
1870 2611 1995 2673 unis
2388 2625 2394 2706 Ι

246 2712 350 2765 615
380 2700 615 2762 sedibus
638 2709 699 2760 et
730 2702 905 2762 certis
933 2699 1253 2777 regionibu’
1283 2699 1541 2778 pectoris
1569 2698 1800 2780 haeret,

376 2787 424 2846 si
454 2803 567 2845 non
594 2793 751 2844 certa
778 2781 908 2844 loca
935 2784 1007 2843 ad
1035 2782 1384 2842 nascendum
1405 2781 1627 2842 reddita
1656 2782 1863 2859 cuique
1944 2823 1953 2838 ,

374 2879 533 2946 sunt,
561 2877 620 2929 et
649 2868 746 2926 uhi
776 2866 1046 2946 quicquid
1076 2868 1259 2945 possit
1282 2865 1483 2926 durare
1515 2875 1768 2926 creatum

374 2951 546 3033 atque
568 2954 650 3013 ita
670 2949 1015 3013 multimodis
1043 2951 1266 3029 partitis
1287 2949 1522 3010 artubus
1551 2969 1687 3012 esse
1704 2994 1722 3026 ‚

375 3037 756 3097 membrorum
784 3044 847 3095 ut
874 3052 1176 3114 numquam
1200 3036 1408 3094 existat
1431 3042 1842 3111 praeposterus
1870 3028 2057 3092 ordo?

241 3133 347 3186 620
375 3139 561 3200 usque
583 3120 730 3180 adeo
762 3120 1021 3196 sequitur
1046 3137 1144 3178 res
1172 3136 1329 3195 rem,
1359 3135 1551 3195 neque
1575 3115 1792 3177 flamma
1823 3116 2006 3176 creari

377 3202 700 3263 fluminibus
730 3200 955 3264 solitast
979 3220 1169 3281 neque
1192 3204 1249 3261 in
1275 3201 1391 3278 igni
1413 3202 1640 3278 gignier
1660 3199 1842 3277 algor.

463 3286 770 3346 Praeterea
800 3286 847 3344 si
875 3284 1187 3346 inmortalis
1216 3294 1411 3344 natura
1430 3286 1687 3343 animaist

375 3380 436 3432 et
464 3370 677 3429 sentire
701 3377 897 3446 potest
920 3378 1147 3429 secreta
1177 3388 1210 3429 a
1235 3374 1481 3445 corpore
1503 3376 1702 3427 nostro
1719 3411 1737 3445 ,

379 3457 627 3534 quinque
645 3496 663 3528 ,
694 3461 754 3510 ut
781 3453 1017 3529 opinor,
1043 3470 1167 3511 eam
1191 3450 1515 3511 faciundum
1544 3459 1635 3510 est
1666 3450 1934 3512 sensibus
1953 3459 2229 3514 auctam.
