<?xml version="1.0" encoding="UTF-8"?>
<!DOCTYPE html PUBLIC "-//W3C//DTD XHTML 1.0 Transitional//EN"
    "http://www.w3.org/TR/xhtml1/DTD/xhtml1-transitional.dtd">
<html xmlns="http://www.w3.org/1999/xhtml" xml:lang="en" lang="en">
 <head>
  <title>
</title>
<meta http-equiv="Content-Type" content="text/html;charset=utf-8" />
  <meta name='ocr-system' content='tesseract 3.04.00' />
  <meta name='ocr-capabilities' content='ocr_page ocr_carea ocr_par ocr_line ocrx_word'/>
</head>
<body>
  <div class='ocr_page' id='page_1' title='image "./tlucreticarider01unkngoog_0315.png"; bbox 0 0 2409 3825; ppageno 0'>
   <div class='ocr_carea' id='block_1_1' title="bbox 739 155 2122 220">
    <p class='ocr_par' dir='ltr' id='par_1_1' title="bbox 739 155 2122 220">
     <span class='ocr_line' id='line_1_1' title="bbox 739 155 2122 220; baseline 0.004 -6"><span class='ocrx_word' id='word_1_1' title='bbox 739 167 941 215; x_wconf 82' lang='lat' dir='ltr'><strong>xxm.</strong></span> <span class='ocrx_word' id='word_1_2' title='bbox 1001 168 1382 218; x_wconf 62' lang='lat' dir='ltr'><strong>nmmum..</strong></span> <span class='ocrx_word' id='word_1_3' title='bbox 1426 165 1576 216; x_wconf 79' lang='lat'><strong>2-4.</strong></span> <span class='ocrx_word' id='word_1_4' title='bbox 2042 155 2122 220; x_wconf 84' lang='lat'><strong>91</strong></span> 
     </span>
    </p>
   </div>
   <div class='ocr_carea' id='block_1_2' title="bbox 187 300 2126 555">
    <p class='ocr_par' dir='ltr' id='par_1_2' title="bbox 187 300 2126 555">
     <span class='ocr_line' id='line_1_2' title="bbox 187 300 2126 391; baseline 0.001 -23"><span class='ocrx_word' id='word_1_5' title='bbox 187 300 481 388; x_wconf 81' lang='lat' dir='ltr'><strong>postule,</strong></span> <span class='ocrx_word' id='word_1_6' title='bbox 526 301 791 389; x_wconf 62' lang='lat' dir='ltr'><strong>dederis</strong></span> <span class='ocrx_word' id='word_1_7' title='bbox 879 303 1071 367; x_wconf 89' lang='lat' dir='ltr'><strong>simul</strong></span> <span class='ocrx_word' id='word_1_8' title='bbox 1113 324 1217 367; x_wconf 92' lang='lat' dir='ltr'><strong>me</strong></span> <span class='ocrx_word' id='word_1_9' title='bbox 1259 302 1343 368; x_wconf 89' lang='lat' dir='ltr'><strong>ad</strong></span> <span class='ocrx_word' id='word_1_10' title='bbox 1384 325 1560 368; x_wconf 89' lang='lat' dir='ltr'><strong>aram</strong></span> <span class='ocrx_word' id='word_1_11' title='bbox 1603 303 1896 389; x_wconf 83' lang='lat' dir='ltr'><strong>adduxit,</strong></span> <span class='ocrx_word' id='word_1_12' title='bbox 1954 307 2126 391; x_wconf 91' lang='lat' dir='ltr'><strong>apud</strong></span> 
     </span>
     <span class='ocr_line' id='line_1_3' title="bbox 191 385 2125 475; baseline 0.002 -24"><span class='ocrx_word' id='word_1_13' title='bbox 191 409 388 470; x_wconf 89' lang='lat' dir='ltr'><strong>quam</strong></span> <span class='ocrx_word' id='word_1_14' title='bbox 430 387 783 451; x_wconf 86' lang='lat' dir='ltr'><strong>sacrificare</strong></span> <span class='ocrx_word' id='word_1_15' title='bbox 826 385 1224 467; x_wconf 90' lang='lat' dir='ltr'><strong>instituerat,</strong></span> <span class='ocrx_word' id='word_1_16' title='bbox 1279 408 1546 475; x_wconf 85' lang='lat' dir='ltr'><strong>eamque</strong></span> <span class='ocrx_word' id='word_1_17' title='bbox 1589 389 1816 454; x_wconf 89' lang='lat' dir='ltr'><strong>ceteris</strong></span> <span class='ocrx_word' id='word_1_18' title='bbox 1860 390 2125 455; x_wconf 87' lang='lat' dir='ltr'><strong>remotis</strong></span> 
     </span>
     <span class='ocr_line' id='line_1_4' title="bbox 188 471 2124 555; baseline 0.003 -20"><span class='ocrx_word' id='word_1_19' title='bbox 188 474 522 536; x_wconf 86' lang='lat' dir='ltr'><strong>tenentem</strong></span> <span class='ocrx_word' id='word_1_20' title='bbox 562 471 774 536; x_wconf 88' lang='lat' dir='ltr'><strong>iurare</strong></span> <span class='ocrx_word' id='word_1_21' title='bbox 802 471 1009 554; x_wconf 87' lang='lat' dir='ltr'><strong>iussit,</strong></span> <span class='ocrx_word' id='word_1_22' title='bbox 1053 493 1408 555; x_wconf 82' lang='lat' dir='ltr'><strong>numquam</strong></span> <span class='ocrx_word' id='word_1_23' title='bbox 1436 494 1540 537; x_wconf 89' lang='lat' dir='ltr'><strong>me</strong></span> <span class='ocrx_word' id='word_1_24' title='bbox 1568 473 1639 536; x_wconf 91' lang='lat' dir='ltr'><strong>in</strong></span> <span class='ocrx_word' id='word_1_25' title='bbox 1668 473 1952 538; x_wconf 88' lang='lat' dir='ltr'><strong>amicitia</strong></span> <span class='ocrx_word' id='word_1_26' title='bbox 1979 495 2124 541; x_wconf 89' lang='lat' dir='ltr'><strong>cum</strong></span> 
     </span>
    </p>
   </div>
   <div class='ocr_carea' id='block_1_3' title="bbox 41 553 2184 640">
    <p class='ocr_par' dir='ltr' id='par_1_3' title="bbox 41 553 2184 640">
     <span class='ocr_line' id='line_1_5' title="bbox 41 553 2184 640; baseline 0 -21"><span class='ocrx_word' id='word_1_27' title='bbox 41 554 50 565; x_wconf 83' lang='lat'>‘</span> <span class='ocrx_word' id='word_1_28' title='bbox 187 553 503 620; x_wconf 87' lang='lat' dir='ltr'><strong>Romanis</strong></span> <span class='ocrx_word' id='word_1_29' title='bbox 545 554 705 620; x_wconf 86' lang='lat' dir='ltr'><strong>fore.</strong></span> <span class='ocrx_word' id='word_1_30' title='bbox 790 553 858 618; x_wconf 92' lang='lat' dir='ltr'><strong>id</strong></span> <span class='ocrx_word' id='word_1_31' title='bbox 900 575 1020 640; x_wconf 83' lang='lat' dir='ltr'><strong>ego</strong></span> <span class='ocrx_word' id='word_1_32' title='bbox 1064 555 1507 621; x_wconf 88' lang='lat' dir='ltr'><strong>iusiurandum</strong></span> <span class='ocrx_word' id='word_1_33' title='bbox 1546 556 1716 640; x_wconf 87' lang='lat' dir='ltr'><strong>patri</strong></span> <span class='ocrx_word' id='word_1_34' title='bbox 1759 558 1980 623; x_wconf 90' lang='lat' dir='ltr'><strong>datum</strong></span> <span class='ocrx_word' id='word_1_35' title='bbox 2022 580 2124 623; x_wconf 87' lang='lat' dir='ltr'><strong>us-</strong></span> <span class='ocrx_word' id='word_1_36' title='bbox 2151 569 2184 620; x_wconf 84' lang='lat'>5</span> 
     </span>
    </p>
   </div>
   <div class='ocr_carea' id='block_1_4' title="bbox 178 638 2297 1987">
    <p class='ocr_par' dir='ltr' id='par_1_4' title="bbox 178 638 2297 1987">
     <span class='ocr_line' id='line_1_6' title="bbox 189 638 2126 724; baseline 0.002 -21"><span class='ocrx_word' id='word_1_37' title='bbox 189 660 319 723; x_wconf 86' lang='lat' dir='ltr'><strong>que</strong></span> <span class='ocrx_word' id='word_1_38' title='bbox 359 638 442 704; x_wconf 91' lang='lat' dir='ltr'><strong>ad</strong></span> <span class='ocrx_word' id='word_1_39' title='bbox 492 639 680 723; x_wconf 87' lang='lat' dir='ltr'><strong>hanc</strong></span> <span class='ocrx_word' id='word_1_40' title='bbox 711 641 986 704; x_wconf 88' lang='lat' dir='ltr'><strong>aetatem</strong></span> <span class='ocrx_word' id='word_1_41' title='bbox 1036 640 1129 704; x_wconf 89' lang='lat' dir='ltr'><strong>ita</strong></span> <span class='ocrx_word' id='word_1_42' title='bbox 1170 640 1565 724; x_wconf 76' lang='lat' dir='ltr'><strong>conservavi,</strong></span> <span class='ocrx_word' id='word_1_43' title='bbox 1610 645 1685 705; x_wconf 90' lang='lat' dir='ltr'><strong>ut</strong></span> <span class='ocrx_word' id='word_1_44' title='bbox 1725 642 1973 706; x_wconf 84' lang='lat' dir='ltr'><strong>nemini</strong></span> <span class='ocrx_word' id='word_1_45' title='bbox 2002 641 2126 706; x_wconf 89' lang='lat' dir='ltr'><strong>·du·</strong></span> 
     </span>
     <span class='ocr_line' id='line_1_7' title="bbox 188 721 2125 809; baseline 0.003 -23"><span class='ocrx_word' id='word_1_46' title='bbox 188 723 375 787; x_wconf 87' lang='lat' dir='ltr'><strong>bium</strong></span> <span class='ocrx_word' id='word_1_47' title='bbox 416 742 552 803; x_wconf 87' lang='lat' dir='ltr'><strong>esse</strong></span> <span class='ocrx_word' id='word_1_48' title='bbox 582 721 828 806; x_wconf 90' lang='lat' dir='ltr'><strong>debeat,</strong></span> <span class='ocrx_word' id='word_1_49' title='bbox 874 722 1309 809; x_wconf 73' lang='lat' dir='ltr'><strong>quin,reliquo</strong></span> <span class='ocrx_word' id='word_1_50' title='bbox 1340 728 1628 808; x_wconf 88' lang='lat' dir='ltr'><strong>tempore</strong></span> <span class='ocrx_word' id='word_1_51' title='bbox 1659 725 1880 790; x_wconf 89' lang='lat' dir='ltr'><strong>eadem</strong></span> <span class='ocrx_word' id='word_1_52' title='bbox 1908 729 2125 793; x_wconf 87' lang='lat' dir='ltr'><strong>mente</strong></span> 
     </span>
     <span class='ocr_line' id='line_1_8' title="bbox 189 805 2186 897; baseline 0 -26"><span class='ocrx_word' id='word_1_53' title='bbox 189 807 318 871; x_wconf 86' lang='lat' dir='ltr'><strong>sim</strong></span> <span class='ocrx_word' id='word_1_54' title='bbox 356 805 632 872; x_wconf 83' lang='lat' dir='ltr'><strong>futurus.</strong></span> <span class='ocrx_word' id='word_1_55' title='bbox 706 828 901 890; x_wconf 89' lang='lat' dir='ltr'><strong>quare</strong></span> <span class='ocrx_word' id='word_1_56' title='bbox 944 808 1000 871; x_wconf 88' lang='lat' dir='ltr'><strong>si</strong></span> <span class='ocrx_word' id='word_1_57' title='bbox 1044 807 1200 891; x_wconf 91' lang='lat' dir='ltr'><strong>quid</strong></span> <span class='ocrx_word' id='word_1_58' title='bbox 1242 809 1442 875; x_wconf 80' lang='lat' dir='ltr'>amice</span> <span class='ocrx_word' id='word_1_59' title='bbox 1487 808 1564 873; x_wconf 92' lang='lat' dir='ltr'><strong>de</strong></span> <span class='ocrx_word' id='word_1_60' title='bbox 1598 807 1908 876; x_wconf 81' lang='lat' dir='ltr'><strong>Romanis</strong></span> <span class='ocrx_word' id='word_1_61' title='bbox 1952 810 2124 897; x_wconf 82' lang='lat' dir='ltr'><strong>cogi·</strong></span> <span class='ocrx_word' id='word_1_62' title='bbox 2152 822 2186 871; x_wconf 78' lang='grc'><strong>6</strong></span> 
     </span>
     <span class='ocr_line' id='line_1_9' title="bbox 188 876 2139 993; baseline 0.002 -36"><span class='ocrx_word' id='word_1_63' title='bbox 188 891 393 974; x_wconf 83' lang='lat' dir='ltr'><strong>tabis,</strong></span> <span class='ocrx_word' id='word_1_64' title='bbox 445 912 583 957; x_wconf 91' lang='lat' dir='ltr'><strong>non</strong></span> <span class='ocrx_word' id='word_1_65' title='bbox 624 876 1061 975; x_wconf 78' lang='lat' dir='ltr'><strong>imprudenter</strong></span> <span class='ocrx_word' id='word_1_66' title='bbox 1103 892 1331 958; x_wconf 89' lang='lat' dir='ltr'><strong>feceris</strong></span> <span class='ocrx_word' id='word_1_67' title='bbox 1343 942 1362 976; x_wconf 91' lang='lat'><em>‚</em></span> <span class='ocrx_word' id='word_1_68' title='bbox 1419 893 1474 958; x_wconf 91' lang='lat' dir='ltr'><strong>si</strong></span> <span class='ocrx_word' id='word_1_69' title='bbox 1522 913 1625 957; x_wconf 89' lang='lat' dir='ltr'><strong>me</strong></span> <span class='ocrx_word' id='word_1_70' title='bbox 1668 893 1922 959; x_wconf 77' lang='lat' dir='ltr'><strong>celatis:</strong></span> <span class='ocrx_word' id='word_1_71' title='bbox 1979 914 2139 993; x_wconf 61' lang='lat' dir='ltr'>Q</span> 
     </span>
     <span class='ocr_line' id='line_1_10' title="bbox 191 974 2126 1074; baseline 0.001 -34"><span class='ocrx_word' id='word_1_72' title='bbox 191 974 459 1059; x_wconf 89' lang='lat' dir='ltr'><strong>quidem</strong></span> <span class='ocrx_word' id='word_1_73' title='bbox 510 975 754 1072; x_wconf 76' lang='lat' dir='ltr'><strong>bellum</strong></span> <span class='ocrx_word' id='word_1_74' title='bbox 806 974 1096 1073; x_wconf 72' lang='lat' dir='ltr'><strong>parabis,</strong></span> <span class='ocrx_word' id='word_1_75' title='bbox 1166 979 1233 1042; x_wconf 89' lang='lat' dir='ltr'><strong>te</strong></span> <span class='ocrx_word' id='word_1_76' title='bbox 1301 977 1514 1074; x_wconf 72' lang='lat' dir='ltr'><strong>ipsum</strong></span> <span class='ocrx_word' id='word_1_77' title='bbox 1565 976 2001 1063; x_wconf 83' lang='lat' dir='ltr'><strong>frustraberis,</strong></span> <span class='ocrx_word' id='word_1_78' title='bbox 2069 1000 2126 1043; x_wconf 88' lang='lat' dir='ltr'><strong>s1</strong></span> 
     </span>
     <span class='ocr_line' id='line_1_11' title="bbox 188 1067 2211 1145; baseline 0.001 -20"><span class='ocrx_word' id='word_1_79' title='bbox 188 1081 331 1125; x_wconf 92' lang='lat' dir='ltr'><strong>non</strong></span> <span class='ocrx_word' id='word_1_80' title='bbox 373 1080 476 1124; x_wconf 90' lang='lat' dir='ltr'><strong>me</strong></span> <span class='ocrx_word' id='word_1_81' title='bbox 517 1081 591 1124; x_wconf 88' lang='lat' dir='ltr'><strong>m</strong></span> <span class='ocrx_word' id='word_1_82' title='bbox 633 1080 709 1124; x_wconf 93' lang='lat' dir='ltr'><strong>eo</strong></span> <span class='ocrx_word' id='word_1_83' title='bbox 752 1080 964 1145; x_wconf 86' lang='lat' dir='ltr'><strong>prmc1</strong></span> <span class='ocrx_word' id='word_1_84' title='bbox 1011 1080 1115 1125; x_wconf 88' lang='lat' dir='ltr'><strong>em</strong></span> <span class='ocrx_word' id='word_1_85' title='bbox 1155 1067 1492 1144; x_wconf 86' lang='lat' dir='ltr'><strong>posuens’.</strong></span> <span class='ocrx_word' id='word_1_86' title='bbox 2205 1072 2211 1077; x_wconf 83' lang='grc'>’</span> 
     </span>
     <span class='ocr_line' id='line_1_12' title="bbox 178 1132 2197 1231; baseline 0.001 -24"><span class='ocrx_word' id='word_1_87' title='bbox 178 1132 506 1209; x_wconf 53' lang='grc' dir='ltr'>Ἢ</span> <span class='ocrx_word' id='word_1_88' title='bbox 547 1143 750 1228; x_wconf 86' lang='lat' dir='ltr'><strong>igitur</strong></span> <span class='ocrx_word' id='word_1_89' title='bbox 793 1152 921 1227; x_wconf 89' lang='lat' dir='ltr'><strong>qua</strong></span> <span class='ocrx_word' id='word_1_90' title='bbox 998 1145 1011 1157; x_wconf 89' lang='lat'>&#39;</span> <span class='ocrx_word' id='word_1_91' title='bbox 1064 1143 1079 1157; x_wconf 72' lang='lat'><em>⁶</em></span> <span class='ocrx_word' id='word_1_92' title='bbox 1150 1166 1226 1209; x_wconf 90' lang='lat' dir='ltr'><strong>us</strong></span> <span class='ocrx_word' id='word_1_93' title='bbox 1255 1149 1463 1210; x_wconf 89' lang='lat' dir='ltr'><strong>aetate</strong></span> <span class='ocrx_word' id='word_1_94' title='bbox 1495 1167 1639 1210; x_wconf 89' lang='lat' dir='ltr'><strong>cum</strong></span> <span class='ocrx_word' id='word_1_95' title='bbox 1680 1149 1863 1231; x_wconf 90' lang='lat' dir='ltr'><strong>patre</strong></span> <span class='ocrx_word' id='word_1_96' title='bbox 1903 1147 1975 1211; x_wconf 92' lang='lat' dir='ltr'><strong>in</strong></span> <span class='ocrx_word' id='word_1_97' title='bbox 2008 1143 2128 1210; x_wconf 82' lang='lat' dir='ltr'><strong>Hi·</strong></span> <span class='ocrx_word' id='word_1_98' title='bbox 2155 1146 2197 1210; x_wconf 88' lang='lat'><strong>3</strong></span> 
     </span>
     <span class='ocr_line' id='line_1_13' title="bbox 189 1227 2126 1314; baseline 0.001 -22"><span class='ocrx_word' id='word_1_99' title='bbox 189 1228 495 1312; x_wconf 84' lang='lat' dir='ltr'><strong>spaniam</strong></span> <span class='ocrx_word' id='word_1_100' title='bbox 518 1227 845 1311; x_wconf 87' lang='lat' dir='ltr'><strong>profectus</strong></span> <span class='ocrx_word' id='word_1_101' title='bbox 876 1231 999 1293; x_wconf 86' lang='lat' dir='ltr'><strong>est:</strong></span> <span class='ocrx_word' id='word_1_102' title='bbox 1046 1228 1227 1293; x_wconf 89' lang='lat' dir='ltr'><strong>cuius</strong></span> <span class='ocrx_word' id='word_1_103' title='bbox 1255 1234 1405 1313; x_wconf 86' lang='lat' dir='ltr'><strong>post</strong></span> <span class='ocrx_word' id='word_1_104' title='bbox 1430 1229 1696 1314; x_wconf 90' lang='lat' dir='ltr'><strong>obitum,</strong></span> <span class='ocrx_word' id='word_1_105' title='bbox 1724 1229 2126 1295; x_wconf 81' lang='lat' dir='ltr'><strong>Hasdrubale</strong></span> 
     </span>
     <span class='ocr_line' id='line_1_14' title="bbox 188 1310 2128 1398; baseline 0.002 -23"><span class='ocrx_word' id='word_1_106' title='bbox 188 1312 580 1396; x_wconf 74' lang='lat' dir='ltr'><strong>imperatore</strong></span> <span class='ocrx_word' id='word_1_107' title='bbox 646 1310 911 1377; x_wconf 87' lang='lat' dir='ltr'><strong>suffecto</strong></span> <span class='ocrx_word' id='word_1_108' title='bbox 925 1360 944 1394; x_wconf 89' lang='lat'><strong>,</strong></span> <span class='ocrx_word' id='word_1_109' title='bbox 1010 1312 1325 1396; x_wconf 90' lang='lat' dir='ltr'><strong>equitatui</strong></span> <span class='ocrx_word' id='word_1_110' title='bbox 1377 1315 1553 1378; x_wconf 88' lang='lat' dir='ltr'><strong>omni</strong></span> <span class='ocrx_word' id='word_1_111' title='bbox 1615 1313 1915 1398; x_wconf 84' lang='lat' dir='ltr'><strong>praefuit.</strong></span> <span class='ocrx_word' id='word_1_112' title='bbox 2002 1313 2128 1381; x_wconf 91' lang='lat' dir='ltr'><strong>hoc</strong></span> 
     </span>
     <span class='ocr_line' id='line_1_15' title="bbox 237 1395 2127 1463; baseline 0.001 -2"><span class='ocrx_word' id='word_1_113' title='bbox 237 1418 325 1462; x_wconf 88' lang='lat' dir='ltr'><strong>uo</strong></span> <span class='ocrx_word' id='word_1_114' title='bbox 374 1417 455 1460; x_wconf 91' lang='lat' dir='ltr'><strong>ue</strong></span> <span class='ocrx_word' id='word_1_115' title='bbox 482 1395 821 1460; x_wconf 86' lang='lat' dir='ltr'><strong>interfecto</strong></span> <span class='ocrx_word' id='word_1_116' title='bbox 852 1396 1166 1463; x_wconf 79' lang='lat' dir='ltr'><strong>exercitus</strong></span> <span class='ocrx_word' id='word_1_117' title='bbox 1210 1419 1524 1462; x_wconf 89' lang='lat' dir='ltr'><strong>summam</strong></span> <span class='ocrx_word' id='word_1_118' title='bbox 1564 1398 1656 1461; x_wconf 90' lang='lat' dir='ltr'><strong>im</strong></span> <span class='ocrx_word' id='word_1_119' title='bbox 1702 1397 1820 1462; x_wconf 89' lang='lat' dir='ltr'><strong>erii</strong></span> <span class='ocrx_word' id='word_1_120' title='bbox 1853 1396 1937 1463; x_wconf 83' lang='lat' dir='ltr'><strong>ad</strong></span> <span class='ocrx_word' id='word_1_121' title='bbox 1979 1418 2127 1462; x_wconf 90' lang='lat' dir='ltr'><strong>eum</strong></span> 
     </span>
     <span class='ocr_line' id='line_1_16' title="bbox 236 1478 2126 1565; baseline 0.001 -21"><span class='ocrx_word' id='word_1_122' title='bbox 236 1483 349 1545; x_wconf 89' lang='lat' dir='ltr'><strong>etu</strong></span> <span class='ocrx_word' id='word_1_123' title='bbox 381 1480 446 1544; x_wconf 82' lang='lat' dir='ltr'><strong>‘t.</strong></span> <span class='ocrx_word' id='word_1_124' title='bbox 543 1479 612 1543; x_wconf 90' lang='lat' dir='ltr'><strong>id</strong></span> <span class='ocrx_word' id='word_1_125' title='bbox 660 1478 1127 1565; x_wconf 83' lang='lat' dir='ltr'><strong>Karthaginem</strong></span> <span class='ocrx_word' id='word_1_126' title='bbox 1184 1480 1466 1546; x_wconf 87' lang='lat' dir='ltr'><strong>delatum</strong></span> <span class='ocrx_word' id='word_1_127' title='bbox 1529 1481 1660 1565; x_wconf 90' lang='lat' dir='ltr'><strong>pub</strong></span> <span class='ocrx_word' id='word_1_128' title='bbox 1694 1481 1783 1546; x_wconf 83' lang='lat' dir='ltr'><strong>‘ce</strong></span> <span class='ocrx_word' id='word_1_129' title='bbox 1837 1503 2126 1565; x_wconf 88' lang='lat' dir='ltr'><strong>compro-</strong></span> 
     </span>
     <span class='ocr_line' id='line_1_17' title="bbox 188 1562 2184 1651; baseline -0.001 -22"><span class='ocrx_word' id='word_1_130' title='bbox 188 1564 422 1629; x_wconf 87' lang='lat' dir='ltr'><strong>batum</strong></span> <span class='ocrx_word' id='word_1_131' title='bbox 469 1568 587 1629; x_wconf 84' lang='lat' dir='ltr'><strong>est.</strong></span> <span class='ocrx_word' id='word_1_132' title='bbox 674 1563 766 1629; x_wconf 86' lang='lat' dir='ltr'><strong>sic</strong></span> <span class='ocrx_word' id='word_1_133' title='bbox 806 1562 1136 1629; x_wconf 89' lang='lat' dir='ltr'><strong>Hannibal</strong></span> <span class='ocrx_word' id='word_1_134' title='bbox 1187 1565 1401 1633; x_wconf 79' lang='lat' dir='ltr'><strong>minor</strong></span> <span class='ocrx_word' id='word_1_135' title='bbox 1444 1566 1728 1650; x_wconf 82' lang='lat' dir='ltr'><strong>quinque</strong></span> <span class='ocrx_word' id='word_1_136' title='bbox 1782 1569 1848 1630; x_wconf 92' lang='lat' dir='ltr'><strong>et</strong></span> <span class='ocrx_word' id='word_1_137' title='bbox 1887 1565 2125 1651; x_wconf 85' lang='lat' dir='ltr'><strong>viginti</strong></span> <span class='ocrx_word' id='word_1_138' title='bbox 2151 1576 2184 1625; x_wconf 77' lang='lat'>2</span> 
     </span>
     <span class='ocr_line' id='line_1_18' title="bbox 190 1648 2126 1733; baseline 0 -19"><span class='ocrx_word' id='word_1_139' title='bbox 190 1649 385 1714; x_wconf 81' lang='lat' dir='ltr'><strong>annis</strong></span> <span class='ocrx_word' id='word_1_140' title='bbox 414 1651 605 1713; x_wconf 88' lang='lat' dir='ltr'><strong>natus</strong></span> <span class='ocrx_word' id='word_1_141' title='bbox 632 1648 983 1731; x_wconf 88' lang='lat' dir='ltr'><strong>imperator</strong></span> <span class='ocrx_word' id='word_1_142' title='bbox 1023 1648 1233 1713; x_wconf 86' lang='lat' dir='ltr'><strong>factus</strong></span> <span class='ocrx_word' id='word_1_143' title='bbox 1262 1649 1555 1733; x_wconf 88' lang='lat' dir='ltr'><strong>proximo</strong></span> <span class='ocrx_word' id='word_1_144' title='bbox 1591 1649 1871 1714; x_wconf 88' lang='lat' dir='ltr'><strong>triennio</strong></span> <span class='ocrx_word' id='word_1_145' title='bbox 1903 1671 2126 1714; x_wconf 88' lang='lat' dir='ltr'><strong>omnes</strong></span> 
     </span>
     <span class='ocr_line' id='line_1_19' title="bbox 191 1730 2237 1821; baseline 0 -23"><span class='ocrx_word' id='word_1_146' title='bbox 191 1736 424 1818; x_wconf 83' lang='lat' dir='ltr'><strong>gentes</strong></span> <span class='ocrx_word' id='word_1_147' title='bbox 450 1730 802 1816; x_wconf 84' lang='lat' dir='ltr'><strong>Hispaniae</strong></span> <span class='ocrx_word' id='word_1_148' title='bbox 843 1732 1015 1798; x_wconf 86' lang='lat' dir='ltr'><strong>bello</strong></span> <span class='ocrx_word' id='word_1_149' title='bbox 1059 1733 1344 1818; x_wconf 86' lang='lat' dir='ltr'><strong>subegit:</strong></span> <span class='ocrx_word' id='word_1_150' title='bbox 1409 1732 1798 1818; x_wconf 83' lang='lat' dir='ltr'><strong>Saguntum,</strong></span> <span class='ocrx_word' id='word_1_151' title='bbox 1840 1732 2128 1798; x_wconf 86' lang='lat' dir='ltr'><strong>foedera·</strong></span> <span class='ocrx_word' id='word_1_152' title='bbox 2226 1808 2237 1821; x_wconf 65' lang='lat'><strong>.</strong></span> 
     </span>
     <span class='ocr_line' id='line_1_20' title="bbox 190 1807 2297 1902; baseline 0 -20"><span class='ocrx_word' id='word_1_153' title='bbox 190 1822 332 1882; x_wconf 89' lang='lat' dir='ltr'><strong>tam</strong></span> <span class='ocrx_word' id='word_1_154' title='bbox 362 1817 709 1900; x_wconf 86' lang='lat' dir='ltr'><strong>civitatem,</strong></span> <span class='ocrx_word' id='word_1_155' title='bbox 753 1816 820 1882; x_wconf 88' lang='lat' dir='ltr'><strong>vi</strong></span> <span class='ocrx_word' id='word_1_156' title='bbox 850 1816 1262 1902; x_wconf 84' lang='lat' dir='ltr'><strong>expugnavit,</strong></span> <span class='ocrx_word' id='word_1_157' title='bbox 1307 1821 1437 1883; x_wconf 89' lang='lat' dir='ltr'><strong>tres</strong></span> <span class='ocrx_word' id='word_1_158' title='bbox 1467 1817 1781 1883; x_wconf 82' lang='lat' dir='ltr'><strong>exercitus</strong></span> <span class='ocrx_word' id='word_1_159' title='bbox 1809 1807 2125 1883; x_wconf 83' lang='lat' dir='ltr'><strong>m&#39;aximos</strong></span> <span class='ocrx_word' id='word_1_160' title='bbox 2238 1822 2253 1839; x_wconf 58' lang='lat'><strong>⁸</strong></span> <span class='ocrx_word' id='word_1_161' title='bbox 2290 1894 2297 1901; x_wconf 22' lang='lat'>⁸</span> 
     </span>
     <span class='ocr_line' id='line_1_21' title="bbox 192 1899 2185 1987; baseline -0.003 -19"><span class='ocrx_word' id='word_1_162' title='bbox 192 1901 611 1987; x_wconf 87' lang='lat' dir='ltr'><strong>comparavit.</strong></span> <span class='ocrx_word' id='word_1_163' title='bbox 699 1922 776 1965; x_wconf 79' lang='lat' dir='ltr'><strong>ex</strong></span> <span class='ocrx_word' id='word_1_164' title='bbox 830 1899 934 1965; x_wconf 89' lang='lat' dir='ltr'><strong>his</strong></span> <span class='ocrx_word' id='word_1_165' title='bbox 992 1923 1194 1968; x_wconf 88' lang='lat' dir='ltr'><strong>unum</strong></span> <span class='ocrx_word' id='word_1_166' title='bbox 1248 1901 1320 1968; x_wconf 91' lang='lat' dir='ltr'><strong>in</strong></span> <span class='ocrx_word' id='word_1_167' title='bbox 1362 1901 1652 1968; x_wconf 87' lang='lat' dir='ltr'><strong>Africam</strong></span> <span class='ocrx_word' id='word_1_168' title='bbox 1702 1902 1912 1985; x_wconf 88' lang='lat' dir='ltr'><strong>misit,</strong></span> <span class='ocrx_word' id='word_1_169' title='bbox 1969 1901 2124 1969; x_wconf 87' lang='lat' dir='ltr'><strong>alte-</strong></span> <span class='ocrx_word' id='word_1_170' title='bbox 2152 1913 2185 1962; x_wconf 79' lang='lat'><strong>3</strong></span> 
     </span>
    </p>
   </div>
   <div class='ocr_carea' id='block_1_5' title="bbox 84 1984 2128 2071">
    <p class='ocr_par' dir='ltr' id='par_1_5' title="bbox 84 1984 2128 2071">
     <span class='ocr_line' id='line_1_22' title="bbox 84 1984 2128 2071; baseline 0 -20"><span class='ocrx_word' id='word_1_171' title='bbox 84 1985 102 2000; x_wconf 80' lang='lat'>‘</span> <span class='ocrx_word' id='word_1_172' title='bbox 191 2008 341 2051; x_wconf 88' lang='lat' dir='ltr'><strong>rum</strong></span> <span class='ocrx_word' id='word_1_173' title='bbox 386 2007 530 2051; x_wconf 89' lang='lat' dir='ltr'><strong>cum</strong></span> <span class='ocrx_word' id='word_1_174' title='bbox 558 1984 957 2049; x_wconf 88' lang='lat' dir='ltr'><strong>Hasdrubale</strong></span> <span class='ocrx_word' id='word_1_175' title='bbox 1000 1985 1198 2051; x_wconf 82' lang='lat' dir='ltr'><strong>fra-tre</strong></span> <span class='ocrx_word' id='word_1_176' title='bbox 1227 1986 1298 2050; x_wconf 92' lang='lat' dir='ltr'><strong>in</strong></span> <span class='ocrx_word' id='word_1_177' title='bbox 1336 1985 1652 2071; x_wconf 88' lang='lat' dir='ltr'><strong>Hispania</strong></span> <span class='ocrx_word' id='word_1_178' title='bbox 1678 1986 1957 2071; x_wconf 91' lang='lat' dir='ltr'><strong>reliquit,</strong></span> <span class='ocrx_word' id='word_1_179' title='bbox 2002 1992 2128 2053; x_wconf 88' lang='lat' dir='ltr'><strong>ter-</strong></span> 
     </span>
    </p>
   </div>
   <div class='ocr_carea' id='block_1_6' title="bbox 188 2067 2270 3503">
    <p class='ocr_par' dir='ltr' id='par_1_6' title="bbox 188 2067 2270 2995">
     <span class='ocr_line' id='line_1_23' title="bbox 190 2067 2270 2156; baseline 0 -20"><span class='ocrx_word' id='word_1_180' title='bbox 190 2071 360 2136; x_wconf 90' lang='lat' dir='ltr'><strong>tium</strong></span> <span class='ocrx_word' id='word_1_181' title='bbox 415 2070 486 2134; x_wconf 91' lang='lat' dir='ltr'><strong>in</strong></span> <span class='ocrx_word' id='word_1_182' title='bbox 538 2069 794 2134; x_wconf 88' lang='lat' dir='ltr'><strong>Italiam</strong></span> <span class='ocrx_word' id='word_1_183' title='bbox 857 2090 1072 2135; x_wconf 89' lang='lat' dir='ltr'><strong>secum</strong></span> <span class='ocrx_word' id='word_1_184' title='bbox 1137 2070 1336 2135; x_wconf 87' lang='lat' dir='ltr'><strong>duxit.</strong></span> <span class='ocrx_word' id='word_1_185' title='bbox 1437 2071 1670 2136; x_wconf 88' lang='lat' dir='ltr'><strong>saltum</strong></span> <span class='ocrx_word' id='word_1_186' title='bbox 1723 2070 2127 2156; x_wconf 79' lang='lat' dir='ltr'><strong>Pyrenaeum</strong></span> <span class='ocrx_word' id='word_1_187' title='bbox 2254 2067 2270 2148; x_wconf 66' lang='lat' dir='ltr'>J</span> 
     </span>
     <span class='ocr_line' id='line_1_24' title="bbox 189 2153 2123 2238; baseline 0 -18"><span class='ocrx_word' id='word_1_188' title='bbox 189 2153 473 2220; x_wconf 87' lang='lat' dir='ltr'><strong>transiit.</strong></span> <span class='ocrx_word' id='word_1_189' title='bbox 541 2174 938 2237; x_wconf 88' lang='lat' dir='ltr'><strong>quacumque</strong></span> <span class='ocrx_word' id='word_1_190' title='bbox 980 2155 1104 2220; x_wconf 88' lang='lat' dir='ltr'><strong>iter</strong></span> <span class='ocrx_word' id='word_1_191' title='bbox 1144 2153 1318 2238; x_wconf 89' lang='lat' dir='ltr'><strong>fecit,</strong></span> <span class='ocrx_word' id='word_1_192' title='bbox 1364 2175 1510 2221; x_wconf 89' lang='lat' dir='ltr'><strong>cum</strong></span> <span class='ocrx_word' id='word_1_193' title='bbox 1553 2155 1851 2221; x_wconf 89' lang='lat' dir='ltr'><strong>omnibus</strong></span> <span class='ocrx_word' id='word_1_194' title='bbox 1892 2154 2123 2222; x_wconf 89' lang='lat' dir='ltr'><strong>incolis</strong></span> 
     </span>
     <span class='ocr_line' id='line_1_25' title="bbox 193 2237 2188 2324; baseline 0.001 -20"><span class='ocrx_word' id='word_1_195' title='bbox 193 2237 515 2304; x_wconf 83' lang='lat' dir='ltr'><strong>conflixit:</strong></span> <span class='ocrx_word' id='word_1_196' title='bbox 569 2238 894 2303; x_wconf 88' lang='lat' dir='ltr'><strong>neminem</strong></span> <span class='ocrx_word' id='word_1_197' title='bbox 947 2238 1075 2303; x_wconf 88' lang='lat' dir='ltr'><strong>nisi</strong></span> <span class='ocrx_word' id='word_1_198' title='bbox 1126 2238 1367 2304; x_wconf 89' lang='lat' dir='ltr'><strong>victum</strong></span> <span class='ocrx_word' id='word_1_199' title='bbox 1431 2239 1691 2305; x_wconf 87' lang='lat' dir='ltr'><strong>dimisit.</strong></span> <span class='ocrx_word' id='word_1_200' title='bbox 1790 2239 1872 2305; x_wconf 94' lang='lat' dir='ltr'><strong>ad</strong></span> <span class='ocrx_word' id='word_1_201' title='bbox 1923 2240 2124 2324; x_wconf 82' lang='lat' dir='ltr'><strong>Alpes</strong></span> <span class='ocrx_word' id='word_1_202' title='bbox 2153 2248 2188 2298; x_wconf 78' lang='lat'>4</span> 
     </span>
     <span class='ocr_line' id='line_1_26' title="bbox 190 2322 2123 2421; baseline 0.001 -33"><span class='ocrx_word' id='word_1_203' title='bbox 190 2325 613 2408; x_wconf 83' lang='lat' dir='ltr'><strong>posteaquam</strong></span> <span class='ocrx_word' id='word_1_204' title='bbox 657 2322 854 2405; x_wconf 88' lang='lat' dir='ltr'><strong>venit,</strong></span> <span class='ocrx_word' id='word_1_205' title='bbox 899 2343 1062 2405; x_wconf 86' lang='lat' dir='ltr'><strong>quae</strong></span> <span class='ocrx_word' id='word_1_206' title='bbox 1088 2322 1370 2421; x_wconf 44' lang='lat' dir='ltr'><strong>Italiam·</strong></span> <span class='ocrx_word' id='word_1_207' title='bbox 1389 2325 1470 2390; x_wconf 90' lang='lat' dir='ltr'><strong>ab</strong></span> <span class='ocrx_word' id='word_1_208' title='bbox 1502 2324 1714 2389; x_wconf 79' lang='lat' dir='ltr'><strong>Gallia</strong></span> <span class='ocrx_word' id='word_1_209' title='bbox 1756 2325 2123 2410; x_wconf 85' lang='lat' dir='ltr'><strong>seiungunt,</strong></span> 
     </span>
     <span class='ocr_line' id='line_1_27' title="bbox 190 2411 2127 2576; baseline -0.006 -20"><span class='ocrx_word' id='word_1_210' title='bbox 190 2411 1447 2576; x_wconf 52' lang='lat' dir='ltr'><strong>ffitzfissffffssfflfflffirssffssff</strong></span> <span class='ocrx_word' id='word_1_211' title='bbox 1468 2412 1640 2557; x_wconf 58' lang='grc' dir='ltr'><strong>ἓξὲξ</strong></span> <span class='ocrx_word' id='word_1_212' title='bbox 1684 2430 1762 2557; x_wconf 70' lang='grc' dir='ltr'><em>ῗέ</em></span> <span class='ocrx_word' id='word_1_213' title='bbox 1764 2431 1856 2558; x_wconf 63' lang='lat'>&#39;1¹30</span> <span class='ocrx_word' id='word_1_214' title='bbox 1908 2413 2127 2557; x_wconf 59' lang='grc' dir='ltr'><strong>ῗῖῗιῗ</strong></span> 
     </span>
     <span class='ocr_line' id='line_1_28' title="bbox 191 2574 2124 2671; baseline 0.001 -31"><span class='ocrx_word' id='word_1_215' title='bbox 191 2580 303 2640; x_wconf 86' lang='lat' dir='ltr'><strong>tus</strong></span> <span class='ocrx_word' id='word_1_216' title='bbox 350 2574 581 2639; x_wconf 83' lang='lat' dir='ltr'><strong>Graius</strong></span> <span class='ocrx_word' id='word_1_217' title='bbox 638 2574 1057 2671; x_wconf 87' lang='lat' dir='ltr'><strong>appellatur),</strong></span> <span class='ocrx_word' id='word_1_218' title='bbox 1112 2574 1378 2658; x_wconf 84' lang='lat' dir='ltr'><strong>Alpicos</strong></span> <span class='ocrx_word' id='word_1_219' title='bbox 1433 2579 1738 2641; x_wconf 87' lang='lat' dir='ltr'><strong>conantes</strong></span> <span class='ocrx_word' id='word_1_220' title='bbox 1779 2576 2124 2660; x_wconf 76' lang='lat' dir='ltr'><strong>prohibere</strong></span> 
     </span>
     <span class='ocr_line' id='line_1_29' title="bbox 190 2657 2126 2743; baseline 0 -18"><span class='ocrx_word' id='word_1_221' title='bbox 190 2658 473 2725; x_wconf 85' lang='lat' dir='ltr'><strong>transitu</strong></span> <span class='ocrx_word' id='word_1_222' title='bbox 503 2657 799 2742; x_wconf 68' lang='lat' dir='ltr'><strong>concidit,</strong></span> <span class='ocrx_word' id='word_1_223' title='bbox 829 2658 973 2721; x_wconf 91' lang='lat' dir='ltr'><strong>loca</strong></span> <span class='ocrx_word' id='word_1_224' title='bbox 1000 2658 1323 2743; x_wconf 83' lang='lat' dir='ltr'><strong>patefecit,</strong></span> <span class='ocrx_word' id='word_1_225' title='bbox 1368 2660 1603 2724; x_wconf 86' lang='lat' dir='ltr'><strong>itinera</strong></span> <span class='ocrx_word' id='word_1_226' title='bbox 1629 2660 1882 2743; x_wconf 89' lang='lat' dir='ltr'><strong>muniit,</strong></span> <span class='ocrx_word' id='word_1_227' title='bbox 1915 2661 2126 2726; x_wconf 89' lang='lat' dir='ltr'><strong>effecit</strong></span> 
     </span>
     <span class='ocr_line' id='line_1_30' title="bbox 192 2742 2124 2828; baseline 0.001 -19"><span class='ocrx_word' id='word_1_228' title='bbox 192 2746 272 2809; x_wconf 88' lang='lat' dir='ltr'><strong>ut</strong></span> <span class='ocrx_word' id='word_1_229' title='bbox 316 2764 393 2808; x_wconf 90' lang='lat' dir='ltr'><strong>ea</strong></span> <span class='ocrx_word' id='word_1_230' title='bbox 436 2742 813 2826; x_wconf 85' lang='lat' dir='ltr'><strong>elephantus</strong></span> <span class='ocrx_word' id='word_1_231' title='bbox 844 2747 1108 2808; x_wconf 87' lang='lat' dir='ltr'><strong>ornatus</strong></span> <span class='ocrx_word' id='word_1_232' title='bbox 1151 2743 1245 2807; x_wconf 89' lang='lat' dir='ltr'><strong>ire</strong></span> <span class='ocrx_word' id='word_1_233' title='bbox 1287 2748 1523 2828; x_wconf 90' lang='lat' dir='ltr'><strong>posset,</strong></span> <span class='ocrx_word' id='word_1_234' title='bbox 1568 2766 1697 2828; x_wconf 91' lang='lat' dir='ltr'><strong>qua</strong></span> <span class='ocrx_word' id='word_1_235' title='bbox 1738 2748 1929 2809; x_wconf 89' lang='lat' dir='ltr'><strong>antea</strong></span> <span class='ocrx_word' id='word_1_236' title='bbox 1957 2766 2124 2810; x_wconf 88' lang='lat' dir='ltr'><strong>unus</strong></span> 
     </span>
     <span class='ocr_line' id='line_1_31' title="bbox 188 2826 2123 2913; baseline 0.002 -21"><span class='ocrx_word' id='word_1_237' title='bbox 188 2828 393 2894; x_wconf 86' lang='lat' dir='ltr'><strong>homo</strong></span> <span class='ocrx_word' id='word_1_238' title='bbox 446 2826 709 2892; x_wconf 87' lang='lat' dir='ltr'><strong>inermis</strong></span> <span class='ocrx_word' id='word_1_239' title='bbox 767 2827 875 2891; x_wconf 82' lang='lat' dir='ltr'><strong>vix</strong></span> <span class='ocrx_word' id='word_1_240' title='bbox 916 2829 1171 2910; x_wconf 89' lang='lat' dir='ltr'><strong>poterat</strong></span> <span class='ocrx_word' id='word_1_241' title='bbox 1222 2849 1461 2912; x_wconf 91' lang='lat' dir='ltr'><strong>repere.</strong></span> <span class='ocrx_word' id='word_1_242' title='bbox 1559 2827 1681 2895; x_wconf 87' lang='lat' dir='ltr'><strong>hac</strong></span> <span class='ocrx_word' id='word_1_243' title='bbox 1724 2829 1940 2913; x_wconf 89' lang='lat' dir='ltr'><strong>copias</strong></span> <span class='ocrx_word' id='word_1_244' title='bbox 1995 2833 2123 2895; x_wconf 83' lang='lat' dir='ltr'><strong>tra-</strong></span> 
     </span>
     <span class='ocr_line' id='line_1_32' title="bbox 194 2910 1270 2995; baseline -0.001 -18"><span class='ocrx_word' id='word_1_245' title='bbox 194 2912 381 2977; x_wconf 87' lang='lat' dir='ltr'><strong>duxit</strong></span> <span class='ocrx_word' id='word_1_246' title='bbox 423 2910 494 2992; x_wconf 81' lang='lat' dir='ltr'><strong>in</strong></span> <span class='ocrx_word' id='word_1_247' title='bbox 535 2910 913 2995; x_wconf 89' lang='lat' dir='ltr'><strong>Italiamque</strong></span> <span class='ocrx_word' id='word_1_248' title='bbox 1003 2912 1270 2976; x_wconf 87' lang='lat' dir='ltr'><strong>ervenit.</strong></span> 
     </span>
    </p>

    <p class='ocr_par' dir='ltr' id='par_1_7' title="bbox 189 2993 2199 3503">
     <span class='ocr_line' id='line_1_33' title="bbox 365 2993 2199 3078; baseline -0.001 -18"><span class='ocrx_word' id='word_1_249' title='bbox 365 2993 759 3064; x_wconf 71' lang='lat' dir='ltr'><strong>Conflixerat</strong></span> <span class='ocrx_word' id='word_1_250' title='bbox 819 3017 944 3078; x_wconf 87' lang='lat' dir='ltr'><strong>apu</strong></span> <span class='ocrx_word' id='word_1_251' title='bbox 1041 2994 1428 3061; x_wconf 85' lang='lat' dir='ltr'><strong>Rhodanum</strong></span> <span class='ocrx_word' id='word_1_252' title='bbox 1493 3018 1637 3061; x_wconf 90' lang='lat' dir='ltr'><strong>cum</strong></span> <span class='ocrx_word' id='word_1_253' title='bbox 1690 2996 1763 3062; x_wconf 89' lang='lat' dir='ltr'><strong>P.</strong></span> <span class='ocrx_word' id='word_1_254' title='bbox 1821 2996 2122 3061; x_wconf 83' lang='lat' dir='ltr'><strong>Cornelio</strong></span> <span class='ocrx_word' id='word_1_255' title='bbox 2153 2995 2199 3058; x_wconf 89' lang='lat'>4</span> 
     </span>
     <span class='ocr_line' id='line_1_34' title="bbox 190 3079 2123 3164; baseline -0.001 -17"><span class='ocrx_word' id='word_1_256' title='bbox 190 3079 499 3163; x_wconf 87' lang='lat' dir='ltr'><strong>Scipione</strong></span> <span class='ocrx_word' id='word_1_257' title='bbox 542 3079 803 3145; x_wconf 84' lang='lat' dir='ltr'><strong>consule</strong></span> <span class='ocrx_word' id='word_1_258' title='bbox 848 3100 1119 3163; x_wconf 88' lang='lat' dir='ltr'><strong>eumque</strong></span> <span class='ocrx_word' id='word_1_259' title='bbox 1148 3081 1499 3164; x_wconf 87' lang='lat' dir='ltr'><strong>pepulerat.</strong></span> <span class='ocrx_word' id='word_1_260' title='bbox 1574 3103 1719 3146; x_wconf 89' lang='lat' dir='ltr'><strong>cum</strong></span> <span class='ocrx_word' id='word_1_261' title='bbox 1748 3080 1872 3146; x_wconf 91' lang='lat' dir='ltr'><strong>hoc</strong></span> <span class='ocrx_word' id='word_1_262' title='bbox 1898 3080 2123 3147; x_wconf 89' lang='lat' dir='ltr'><strong>eodem</strong></span> 
     </span>
     <span class='ocr_line' id='line_1_35' title="bbox 192 3161 2122 3250; baseline -0.001 -19"><span class='ocrx_word' id='word_1_263' title='bbox 192 3162 490 3231; x_wconf 84' lang='lat' dir='ltr'><strong>Clastidii</strong></span> <span class='ocrx_word' id='word_1_264' title='bbox 531 3163 703 3246; x_wconf 90' lang='lat' dir='ltr'><strong>apud</strong></span> <span class='ocrx_word' id='word_1_265' title='bbox 749 3161 997 3229; x_wconf 91' lang='lat' dir='ltr'><strong>Padum</strong></span> <span class='ocrx_word' id='word_1_266' title='bbox 1040 3164 1327 3229; x_wconf 89' lang='lat' dir='ltr'><strong>decernit</strong></span> <span class='ocrx_word' id='word_1_267' title='bbox 1380 3164 1789 3250; x_wconf 88' lang='lat' dir='ltr'><strong>sauciumque</strong></span> <span class='ocrx_word' id='word_1_268' title='bbox 1843 3164 1991 3230; x_wconf 91' lang='lat' dir='ltr'><strong>inde</strong></span> <span class='ocrx_word' id='word_1_269' title='bbox 2047 3187 2122 3230; x_wconf 85' lang='lat' dir='ltr'><strong>ac</strong></span> 
     </span>
     <span class='ocr_line' id='line_1_36' title="bbox 189 3247 2179 3346; baseline -0.002 -33"><span class='ocrx_word' id='word_1_270' title='bbox 189 3250 262 3314; x_wconf 88' lang='lat' dir='ltr'><strong>fu</strong></span> <span class='ocrx_word' id='word_1_271' title='bbox 312 3252 493 3313; x_wconf 89' lang='lat' dir='ltr'><strong>atum</strong></span> <span class='ocrx_word' id='word_1_272' title='bbox 535 3247 819 3312; x_wconf 89' lang='lat' dir='ltr'><strong>dimittit.</strong></span> <span class='ocrx_word' id='word_1_273' title='bbox 907 3248 1099 3313; x_wconf 89' lang='lat' dir='ltr'><strong>tertio</strong></span> <span class='ocrx_word' id='word_1_274' title='bbox 1154 3250 1323 3313; x_wconf 91' lang='lat' dir='ltr'><strong>idem</strong></span> <span class='ocrx_word' id='word_1_275' title='bbox 1379 3247 1594 3333; x_wconf 86' lang='lat' dir='ltr'><strong>Scipio</strong></span> <span class='ocrx_word' id='word_1_276' title='bbox 1661 3271 1806 3315; x_wconf 89' lang='lat' dir='ltr'><strong>cum</strong></span> <span class='ocrx_word' id='word_1_277' title='bbox 1871 3250 2119 3346; x_wconf 79' lang='lat' dir='ltr'><strong>collega</strong></span> <span class='ocrx_word' id='word_1_278' title='bbox 2146 3262 2179 3309; x_wconf 77' lang='lat'>2</span> 
     </span>
     <span class='ocr_line' id='line_1_37' title="bbox 189 3268 2162 3431; baseline -0.002 -33"><span class='ocrx_word' id='word_1_279' title='bbox 189 3268 453 3430; x_wconf 46' lang='lat' dir='ltr'><strong>&#39;rigerio</strong></span> <span class='ocrx_word' id='word_1_280' title='bbox 514 3330 743 3418; x_wconf 84' lang='lat' dir='ltr'><strong>Longo</strong></span> <span class='ocrx_word' id='word_1_281' title='bbox 798 3331 969 3416; x_wconf 90' lang='lat' dir='ltr'><strong>apud</strong></span> <span class='ocrx_word' id='word_1_282' title='bbox 1021 3332 1322 3430; x_wconf 55' lang='lat' dir='ltr'><strong>&#39;lfrebiam</strong></span> <span class='ocrx_word' id='word_1_283' title='bbox 1374 3332 1697 3431; x_wconf 44' lang='lat' dir='ltr'><strong>adversus·</strong></span> <span class='ocrx_word' id='word_1_284' title='bbox 1731 3354 1877 3430; x_wconf 80' lang='lat' dir='ltr'><strong>eum</strong></span> <span class='ocrx_word' id='word_1_285' title='bbox 1919 3336 2116 3429; x_wconf 73' lang='lat' dir='ltr'><strong>venit.</strong></span> <span class='ocrx_word' id='word_1_286' title='bbox 2144 3410 2162 3422; x_wconf 28' lang='grc' dir='ltr'><em>ὀ</em></span> 
     </span>
     <span class='ocr_line' id='line_1_38' title="bbox 190 3414 2118 3503; baseline -0.005 -18"><span class='ocrx_word' id='word_1_287' title='bbox 190 3439 340 3485; x_wconf 87' lang='lat' dir='ltr'><strong>cum</strong></span> <span class='ocrx_word' id='word_1_288' title='bbox 383 3417 466 3483; x_wconf 76' lang='lat' dir='ltr'><strong>iis</strong></span> <span class='ocrx_word' id='word_1_289' title='bbox 492 3438 754 3483; x_wconf 88' lang='lat' dir='ltr'><strong>manum</strong></span> <span class='ocrx_word' id='word_1_290' title='bbox 783 3417 1131 3482; x_wconf 77' lang='lat' dir='ltr'><strong>consermt:</strong></span> <span class='ocrx_word' id='word_1_291' title='bbox 1178 3421 1484 3500; x_wconf 73' lang='lat' dir='ltr'><strong>utrosque</strong></span> <span class='ocrx_word' id='word_1_292' title='bbox 1511 3418 1899 3503; x_wconf 70' lang='lat' dir='ltr'><strong>profligant.</strong></span> <span class='ocrx_word' id='word_1_293' title='bbox 1968 3414 2118 3478; x_wconf 77' lang='lat' dir='ltr'><strong>inde</strong></span> 
     </span>
    </p>
   </div>
  </div>
 </body>
</html>
