2409 3825
266 184 392 249 176
1216 179 1297 239 VI

305 357 408 413 435
432 348 696 409 coniectu
719 345 972 406 trudatur
994 354 1053 405 et
1075 344 1411 406 extendatur
1431 346 1489 404 in
1512 344 1721 413 undas;

430 449 594 512 quam
618 449 745 491 cum
767 428 1020 504 discidit,
1045 428 1176 488 hinc
1198 429 1583 507 prorumpitur
1604 431 1660 488 in
1680 446 1832 488 mare
1856 435 2011 491 venti

373 530 384 534 ·
430 518 517 576 vis
540 524 600 575 et
626 514 913 574 fervorem
933 513 1131 572 mirum
1159 513 1457 573 concinnat
1479 512 1535 571 in
1557 511 1750 573 undis:

431 597 819 659 versabundus
844 597 993 657 enim
1014 596 1181 656 turbo
1205 595 1504 656 descendit
1527 605 1586 655 et
1608 596 1763 655 illam

431 681 661 743 deducit
685 684 897 761 pariter
923 679 1079 741 lento
1105 698 1233 740 cum
1258 697 1502 759 corpore
1528 679 1766 749 nubem;

304 774 408 829 440
432 783 596 845 quam
618 764 785 825 simul
806 782 875 824 ac
898 763 1184 842 gravidam
1209 763 1447 823 detrusit
1468 762 1539 823 ad
1560 780 1810 843 aequora
1832 767 2025 843 ponti,

428 849 531 912 ille
553 851 608 908 in
632 866 831 927 aquam
852 847 1040 908 subito
1064 857 1244 909 totum
1267 865 1333 908 se
1355 847 1578 907 inmittit
1600 858 1659 908 et
1683 864 1847 908 omne

432 935 640 992 excitat
661 932 878 1009 ingenti
903 933 1091 992 sonitu
1113 948 1267 990 mare
1291 929 1519 990 fervere
1545 948 1782 1009 cogens.

432 1017 492 1077 fit
516 1033 744 1095 quoque
769 1024 828 1074 ut
849 1014 1099 1076 involvat
1119 1008 1287 1075 venti'
1304 1033 1370 1075 se
1391 1014 1636 1076 nubibus
1658 1016 1785 1092 ipse

429 1110 635 1160 vertex
649 1144 668 1176 ,
698 1097 1013 1159 conradens
1036 1117 1112 1160 ex
1132 1103 1268 1157 aere
1292 1099 1506 1158 semina
1526 1099 1692 1159 nubis
1706 1143 1724 1175 ‚

301 1192 404 1247 445
431 1192 491 1243 et
514 1184 672 1262 quasi
697 1180 1004 1243 demissum
1030 1180 1193 1242 caelo
1216 1191 1476 1260 prestera
1497 1182 1771 1243 imitetur:

431 1266 525 1327 hic
549 1268 645 1328 ubi
669 1268 813 1327 sein
835 1276 1016 1327 terras
1039 1265 1265 1326 demisit
1289 1264 1665 1345 dissoluitque
1682 1311 1699 1342 ‚

429 1351 667 1411 turbinis
694 1350 972 1410 inmanem
994 1350 1107 1409 vim
1130 1351 1412 1428 provomit
1433 1358 1604 1429 atque
1626 1349 1937 1426 procellae.

430 1433 534 1496 sed
560 1435 686 1513 quia
716 1435 775 1494 fit
798 1452 925 1494 raro
950 1435 1173 1493 omnino
1193 1434 1518 1512 montisque
1539 1443 1844 1494 necessest

431 1517 668 1580 officere
693 1519 748 1576 in
772 1519 938 1578 terris
955 1561 973 1594 ,
998 1527 1236 1596 apparet
1260 1516 1515 1577 crebrius
1539 1517 1689 1577 idem

301 1609 405 1664 450
424 1610 739 1682 prospectu
758 1603 924 1661 maris
951 1602 1007 1661 in
1029 1618 1235 1678 magno
1267 1599 1546 1680 caeloque
1568 1603 1799 1681 patenti.

510 1683 714 1745 Nubila
741 1694 1154 1762 concrescunt,
1187 1684 1283 1744 ubi
1307 1701 1548 1763 corpora
1570 1683 1741 1744 multa
1763 1684 2006 1747 volando

432 1769 544 1830 hoe
567 1785 779 1848 supero
800 1770 855 1827 in
883 1767 1027 1830 caeli
1050 1770 1236 1847 spatio
1263 1773 1458 1828 coiere
1481 1778 1721 1847 repente

431 1854 721 1932 asperiora
736 1898 754 1930 ,
778 1854 952 1915 moris
977 1870 1122 1933 quae
1146 1852 1371 1932 possint
1392 1851 1718 1932 indupedita

429 1939 653 2015 exiguis
676 1946 862 1996 tamen
883 1938 1029 1998 inter
1054 1956 1120 1997 se
1147 1955 1486 2016 comprensa
1506 1939 1709 1997 teneri.

303 2028 404 2082 455
432 2020 577 2080 haec
599 2020 811 2080 faciunt
834 2022 1070 2100 primum
1092 2037 1296 2099 parvas
1327 2021 1650 2082 consistere
1671 2021 1882 2081 nubes:

427 2103 558 2164 inde
582 2104 726 2165 haec
751 2103 1158 2183 comprendunt
1181 2106 1330 2165 inter
1356 2124 1423 2166 se
1448 2122 1672 2182 conque
1695 2115 2005 2183 gregantur

430 2197 489 2248 et
514 2187 908 2265 coniungendo
933 2198 1199 2250 crescunt
1222 2188 1523 2267 ventisque
1545 2189 1801 2248 feruntur

430 2289 612 2349 usque
634 2270 779 2331 adeo
807 2270 992 2332 donec
1016 2280 1327 2349 tempestas
1352 2290 1523 2332 saeva
1546 2281 1813 2332 coortast.

431 2356 491 2414 fit
517 2347 746 2433 quoque
769 2355 848 2414 uti
872 2357 1076 2416 montis
1098 2357 1286 2415 vicina
1307 2357 1594 2416 cacumina
1618 2355 1781 2417 caelo

302 2445 407 2500 460
430 2456 593 2516 quam
616 2440 727 2498 sint
750 2455 978 2518 quoque
1000 2441 1179 2517 magis
1194 2485 1212 2515 ‚
1239 2448 1393 2500 tanto
1415 2441 1595 2516 magis
1619 2439 1768 2500 edita
1787 2439 2004 2500 fument

428 2520 660 2582 adsidue
682 2522 879 2583 furvae
902 2522 1067 2584 nubis
1092 2521 1335 2601 caligine
1363 2541 1554 2583 crassa

428 2614 736 2685 propterea
759 2608 918 2684 quia,
945 2624 1071 2667 cum
1096 2609 1412 2667 consistunt
1436 2605 1625 2666 nubila
1646 2608 1883 2687 primum
1899 2652 1916 2682 ‚

428 2699 558 2749 ante
586 2689 783 2750 videre
807 2689 957 2750 oculi
982 2709 1147 2769 quam
1171 2692 1424 2770 possint,
1448 2690 1668 2769 tenvia,
1699 2691 1853 2750 venti

428 2782 719 2851 portantes
748 2783 958 2850 cogunt
981 2773 1051 2834 ad
1072 2792 1288 2834 summa
1310 2775 1597 2836 cacumina
1621 2776 1852 2834 montis:

303 2863 408 2919 465
436 2856 530 2916 hic
555 2857 776 2917 demum
802 2858 859 2917 lit
886 2860 961 2917 uti
985 2857 1145 2917 turba
1169 2860 1381 2919 maiore
1412 2868 1610 2919 coorta
1639 2854 1657 2873 ⁹

433 2950 492 3000 et
516 2939 804 3001 condensa
825 2952 1030 3019 queant
1055 2959 1333 3020 apparere
1357 2950 1416 3002 et
1436 2941 1601 3003 simul
1624 2942 1752 3021 ipso

429 3025 649 3084 vertice
675 3023 745 3083 de
768 3025 973 3085 montis
1000 3025 1296 3084 videantur
1318 3044 1559 3104 surgere
1580 3027 1636 3085 in
1657 3024 1938 3085 aethram:

430 3123 556 3165 nam
581 3105 710 3166 loca
733 3106 982 3168 declarat
1007 3126 1229 3169 sursum
1254 3117 1493 3171 ventosa
1517 3119 1716 3189 patere

431 3206 527 3247 res
551 3190 673 3264 ipsa
695 3198 755 3249 et
783 3208 987 3252 sensus
1005 3237 1022 3268 ‚
1046 3194 1252 3253 montis
1284 3211 1412 3253 cum
1439 3193 1795 3253 ascendimus
1819 3191 1986 3252 altos.

306 3274 411 3330 470
432 3277 729 3346 praeterea
751 3273 1030 3348 permulta
1055 3276 1189 3334 mari
1216 3293 1444 3355 quoque
1468 3276 1673 3336 tollere
1697 3285 1817 3336 toto

436 3368 675 3429 corpora
696 3363 943 3414 naturam
968 3355 1254 3416 declarant
1274 3357 1439 3418 litore
1463 3369 1659 3420 vestes

436 3450 751 3511 suspensae
771 3479 789 3511 ,
818 3453 941 3494 cum
967 3442 1288 3518 concipiunt
1308 3443 1517 3502 umoris
1540 3441 1861 3504 adhaesum.

2382 519 2394 610 2-——-
2390 481 2394 486 ,
