2409 3825
40 181 265 257 XVL]
882 183 1116 243 LIBER.
1896 180 1976 244 13

851 347 1151 425 XXHH.

38 487 57 540 v
124 479 255 565 qui
294 477 597 545 flosculus
641 499 710 544 es
752 477 1188 545 Iuventiorum
1197 527 1220 563 ,

38 565 186 630 lon
234 562 466 629 horum
507 563 700 628 modo
713 612 732 647 ,
778 563 890 628 sed
932 566 1091 662 quot
1130 566 1245 628 aut
1284 562 1545 629 fuerunt

36 650 169 713 rut
215 647 487 732 posthac
530 647 674 712 aliis
716 650 906 712 erunt
945 669 1017 712 m
1057 648 1276 731 annis,

36 732 305 796 Iallem
347 730 602 797 divitias
642 730 858 798 Midae
901 730 1182 797 dedisses

36 816 148 881 sti
167 865 191 899 ,
242 816 393 900 quoi
434 836 640 899 neque
685 836 904 882 servus
947 818 1047 880 est
1085 837 1293 902 neque
1333 838 1515 900 arca,
1937 831 1975 882 5

34 900 251 975 luam
293 899 385 964 sic
428 903 493 964 te
536 899 777 965 sineres
820 900 901 966 ab
943 899 1059 965 illo
1102 901 1321 966 amari.

44 983 203 1061 Qui
217 983 253 1048 ⁴?
296 1004 430 1048 non
472 987 572 1049 est
610 981 804 1049 homo
846 983 1098 1048 bellus?
1112 991 1135 1022 ⁹
1177 984 1446 1069 inquies.
1505 987 1631 1050 est:

34 1068 162 1134 {ed
211 1067 382 1132 bello
422 1066 574 1132 huic
614 1088 820 1152 neque
864 1088 1080 1133 servos
1123 1070 1225 1132 est
1261 1090 1469 1153 neque
1510 1090 1674 1134 arca.

34 1152 179 1216 loc
226 1154 302 1215 tu
341 1172 533 1236 quam
573 1151 750 1216 lubet
791 1152 971 1216 abice
1015 1152 1342 1236 elevaque:

32 1236 175 1302 §ec
223 1235 475 1300 servom
514 1239 732 1300 tamen
772 1235 882 1300 ille
923 1235 1117 1300 habet
1156 1257 1364 1322 neque
1407 1256 1639 1303 arcam.
1907 1251 1971 1300 10

886 1499 1109 1577 XXV.

30 1629 324 1698 Dinaede
365 1629 620 1712 Thalle,
664 1631 921 1716 mollior
964 1632 1242 1697 cuniculi
1288 1630 1518 1716 capillo

30 1716 158 1781 Vel
208 1715 453 1780 anseris
495 1714 842 1780 medullula
879 1715 983 1781 vel
1029 1716 1229 1781 imula
1273 1716 1520 1781 oricilla

30 1800 158 1865 Vel
204 1819 371 1883 pene
414 1800 520 1863 lan
565 1862 572 1866 ,
614 1799 714 1865 ’do
763 1799 935 1864 senis
977 1800 1227 1885 situque
1273 1821 1609 1885 araneoso,

28 1885 345 1969 [demque
387 1821 633 1950 staff
653 1884 909 1950 turbida
948 1885 1242 1971 rapacior
1279 1886 1594 1970 procella,

28 1969 208 2035 Cum
251 1968 401 2032 diva
439 1969 830 2034 munerarios
873 1969 1156 2040 ostendit
1196 1970 1572 2053 oscitante8‚
1933 1982 1969 2032 5

28 2052 323 2119 Remitte
362 2053 628 2136 pallium
670 2052 832 2117 mihi
871 2074 1113 2137 meum,
1157 2053 1330 2137 quod
1371 2053 1700 2138 involasti,
1870 2115 1873 2120 .

28 2136 502 2220 Sudariumque
545 2136 887 2202 Saetabum
929 2158 1005 2202 ca
1188 2137 1479 2222 phosque
1520 2137 1816 2222 Thynos,

28 2220 298 2304 Inepte,
342 2240 503 2304 quae
545 2222 756 2305 palam
800 2221 967 2286 soles
1009 2220 1097 2286 ha
1141 2244 1247 2287 ere
1287 2225 1614 2306 tamquam
1656 2222 1846 2286 avita.

28 2304 217 2380 Quae
260 2326 432 2370 nunc
472 2305 601 2369 tuis
646 2305 728 2371 ab
770 2305 1095 2391 unguibus
1135 2306 1460 2392 reglutina
1502 2309 1568 2371 et
1606 2306 1891 2391 remitte,

28 2388 136 2455 Ne
185 2388 444 2453 laneum
484 2388 864 2454 latusculum
907 2409 1259 2474 manusque
1301 2390 1677 2456 mollicellas
1902 2402 1969 2451 10

28 2473 265 2538 Inusta
305 2471 578 2556 turpiter
618 2474 739 2539 tibi
779 2473 1035 2558 flagella
1077 2474 1586 2558 conscribillent,

29 2556 127 2622 Et
170 2555 525 2621 insolenter
564 2561 814 2623 aestues
857 2557 1033 2623 velut
1072 2557 1323 2623 minuta
1362 2578 1601 2641 magno

30 2639 378 2725 Deprensa
415 2640 596 2707 navis
639 2642 710 2705 in
751 2641 915 2706 mari
955 2642 1324 2707 vesaniente
1364 2644 1578 2708 vento.

868 2907 1129 2981 XXVI.

31 3036 191 3103 Furi
204 3085 224 3120 ‚
265 3036 490 3102 villula
528 3040 751 3104 nostra
792 3059 927 3102 non
968 3038 1047 3103 ad
1089 3038 1316 3103 Austri

33 3122 258 3187 Flatus
303 3121 662 3206 oppositast
700 3143 907 3208 neque
949 3122 1030 3187 ad
1071 3122 1321 3194 Favoni

32 3205 178 3271 Nec
219 3206 393 3270 saevi
434 3203 676 3271 Boreae
720 3211 833 3272 aut
873 3206 1214 3291 Apeliotae
1224 3255 1246 3291 ,

35 3289 282 3356 Verum
326 3288 409 3353 ad
452 3290 633 3355 milia
718 3290 1037 3358 uindecim
1079 3294 1146 3357 et
1187 3291 1516 3358 ducentos.

40 3374 92 3439 Ο
137 3377 403 3470 ventum
442 3372 685 3441 horrib‘
717 3397 819 3441 em
861 3378 1051 3460 atque
1090 3375 1532 3460 pestilentem!
1939 3389 1974 3438 ὅ
