2409 3825
52 510 62 797 l

50 1198 62 1307 r

51 1446 54 1503 .

1204 193 1259 251 V

404 358 611 419 multus
636 359 784 418 enim
808 355 965 418 calor
991 366 1163 435 atque
1187 375 1348 417 umor
1373 358 1675 436 superabat
1704 360 1758 417 in
1781 360 1958 418 arvis:

405 444 515 502 hoc
540 443 636 501 ubi
664 459 925 520 quaeque
948 439 1064 500 loci
1090 442 1256 516 regio
1289 452 1608 519 opportuna
1631 442 1894 518 dabatur,

285 538 380 586 605
411 526 751 587 crescebant
775 527 919 585 uteri
944 534 1151 584 terram
1179 523 1462 585 radicibus
1487 527 1630 602 apti;

406 628 548 686 quos
574 610 669 668 ubi
693 619 953 687 tempore
974 616 1189 666 maturo
1212 608 1565 686 patefecerat
1587 618 1742 668 aetas

408 693 674 753 infantum
689 739 708 770 ,
733 693 960 770 fugiens
983 709 1236 752 umorem
1257 709 1535 769 aurasque
1559 702 1863 770 petessens
1882 735 1904 767 ,

408 777 781 836 convertebat
800 777 877 836 ibi
907 783 1100 835 natura
1122 775 1392 834 foramina
1417 785 1604 834 terrae

405 871 464 920 et
485 878 684 921 sucum
705 861 867 919 venis
896 858 1141 935 cogebat
1167 858 1406 918 fundere
1431 860 1642 937 apertis

284 953 382 1004 810
410 943 759 1004 consimilem
783 941 947 1005 lactis
963 988 982 1019 ,
1005 944 1155 1002 sicut
1176 960 1324 1001 nunc
1347 942 1551 1001 femina
1575 959 1834 1019 quaeque

406 1045 535 1086 cum
558 1028 821 1105 peperit,
847 1025 999 1087 dulci
1022 1023 1282 1103 repletur
1304 1024 1456 1085 lacte
1473 1072 1490 1102 ‚
1526 1025 1677 1103 quod
1702 1028 1885 1084 omnis

401 1113 646 1188 impetus
673 1112 730 1168 in
752 1127 1014 1170 mammas
1041 1112 1389 1169 convertitur
1413 1109 1511 1168 ille
1534 1108 1798 1169 alimenti.

403 1204 553 1253 terra
579 1195 765 1253 cibum
793 1194 985 1271 pueris
1004 1238 1022 1270 ,
1045 1202 1269 1252 vestem
1286 1206 1503 1270 vapor,
1527 1193 1703 1252 herba
1735 1192 1927 1252 cubile

401 1278 715 1356 praebebat
742 1276 914 1335 multa
936 1286 995 1335 ct
1017 1275 1174 1335 molli
1199 1275 1463 1353 lanugine
1485 1276 1790 1337 abundans.

273 1369 370 1421 815
399 1370 456 1420 at
487 1362 706 1420 novitas
730 1360 917 1419 mundi
943 1378 1053 1419 nec
1074 1359 1287 1436 frigora
1310 1361 1444 1420 dura
1472 1360 1659 1418 ciebat

399 1462 511 1503 nec
539 1446 739 1502 nimios
763 1453 957 1503 aestus
980 1461 1089 1502 nec
1112 1446 1329 1520 magnis
1350 1444 1563 1502 viribus
1587 1461 1768 1503 auras·

403 1529 584 1586 omnia
607 1529 753 1585 enim
776 1529 987 1605 pariter
1010 1538 1278 1587 crescunt
1302 1537 1360 1587 et
1381 1528 1590 1586 robora
1613 1536 1852 1588 sumunt.

486 1609 673 1682 Quare
695 1612 862 1669 etiam
884 1620 1055 1690 atque
1080 1613 1245 1671 etiam
1268 1621 1577 1671 maternum
1597 1628 1802 1670 nomen
1824 1610 2028 1688 adepta

398 1704 549 1753 terra
572 1703 730 1753 tenet
750 1697 952 1753 merito
967 1697 1278 1772 ,quoniam
1300 1713 1483 1772 genus
1509 1696 1633 1772 ipsa
1659 1696 1870 1753 creavit

271 1786 372 1838 820
394 1777 691 1836 humanum
713 1787 882 1856 atque
904 1778 1101 1838 animal
1125 1796 1308 1858 prope
1334 1788 1494 1838 certo
1519 1787 1776 1855 tempore
1799 1777 1938 1836 fudit

398 1879 561 1922 omne
581 1907 598 1938 ‚
626 1860 777 1939 quod
799 1863 855 1921 in
877 1863 1092 1940 magnis
1116 1862 1424 1923 bacchatur
1444 1861 1712 1922 montibu’
1734 1864 1979 1941 passim,

397 1948 697 2023 aeriasque
720 1945 885 2004 simul
907 1945 1174 2006 volucres
1196 1948 1522 2006 variantibu’
1547 1945 1759 2006 formis.

397 2029 502 2089 sed
530 2032 659 2107 quia
685 2030 851 2089 linem
877 2028 1118 2108 aliquam
1140 2030 1393 2108 pariendi
1417 2030 1588 2089 debet
1609 2030 1819 2089 habere
1839 2076 1863 2103 ,Γ

400 2113 653 2189 destitit,
677 2121 737 2172 ut
760 2112 962 2173 mulier
992 2116 1175 2192 spatio
1201 2113 1432 2173 defessa
1453 2123 1699 2173 vetusto.

269 2206 371 2258 825
401 2205 576 2256 mutat
602 2198 751 2256 enim
774 2196 961 2255 mundi
982 2206 1231 2257 naturam
1253 2198 1426 2257 totius
1449 2207 1604 2257 aetas
1622 2242 1640 2272 ‚

396 2298 471 2339 ex
492 2265 718 2357 alioque
742 2279 885 2340 alius
910 2290 1089 2340 status
1113 2283 1384 2357 excipere
1413 2282 1594 2341 omnia
1614 2280 1820 2356 debet,

394 2381 506 2422 nec
529 2372 715 2422 manet
734 2362 849 2423 ulla
871 2366 960 2423 sui
981 2363 1177 2425 similis
1203 2383 1330 2425 res:
1354 2366 1536 2425 omnia
1557 2366 1827 2441 migrant,

395 2449 577 2506 omnia
606 2456 907 2507 commutat
931 2456 1125 2507 natura
1148 2457 1208 2508 et
1236 2458 1463 2508 vertere
1488 2450 1660 2524 cogit.

394 2548 635 2608 namque
659 2529 793 2589 aliut
815 2533 1095 2609 putrescit
1124 2541 1182 2590 et
1203 2549 1348 2590 aevo
1372 2530 1562 2591 debile
1584 2531 1846 2607 languet,

266 2624 367 2676 830
390 2631 564 2712 porro
590 2612 724 2673 aliut
750 2609 1014 2674 clarescit
1038 2624 1096 2674 et
1119 2634 1152 2674 e
1178 2614 1597 2692 contemptibus
1622 2616 1756 2673 exit.

392 2699 479 2756 sic
501 2699 674 2775 igitur
698 2698 885 2757 mundi
907 2708 1156 2758 naturam
1176 2700 1348 2757 totius
1369 2705 1524 2756 aetas

392 2790 601 2858 mutat,
627 2789 685 2840 et
708 2800 784 2841 ex
803 2781 913 2841 alio
935 2791 1143 2842 terram
1162 2791 1338 2841 status
1363 2781 1576 2858 excipit
1597 2779 1773 2854 alter,

393 2863 545 2943 quod
569 2874 710 2943 pote
731 2867 812 2925 uti
832 2874 1110 2943 nequeat,
1143 2866 1327 2943 possit
1352 2863 1504 2942 quod
1531 2880 1642 2923 non
1666 2862 1791 2923 tulit
1820 2874 1966 2922 ante.

477 2947 768 3026 Multaque
792 2958 907 3007 tum
932 2947 1106 3009 tellus
1130 2951 1297 3009 etiam
1320 2956 1580 3027 portenta
1605 2964 1814 3006 creare.

264 3042 368 3094 835
396 3041 650 3092 conatast
672 3034 809 3091 mira
830 3032 979 3092 facie
1002 3033 1384 3109 membrisque
1409 3041 1604 3091 coorta
1619 3076 1636 3106 ,

2109 189 2224 254 147

392 3114 777 3192 androgynum
792 3160 810 3191 ‚
833 3117 1216 3193 interutraque
1239 3132 1350 3175 nec
1372 3124 1553 3174 utrum
1568 3159 1586 3191 ,
1615 3115 1893 3191 utrimque
1916 3125 2209 3191 remotum,

395 3198 534 3258 orba
561 3197 769 3276 pedum
798 3201 1027 3277 partim,
1055 3216 1310 3258 manuum
1331 3198 1552 3258 viduata
1578 3198 1828 3258 vicissim
1845 3243 1862 3273 ‚

392 3292 542 3342 muta
564 3283 687 3341 sine
711 3299 814 3341 ore
836 3284 1039 3359 etiam,
1065 3285 1188 3343 sine
1212 3280 1369 3340 voltu
1394 3298 1565 3341 caeca
1585 3291 1846 3358 reperta,

393 3368 695 3445 vinctaque
722 3365 1098 3425 membrorum
1120 3383 1227 3444 per
1248 3373 1424 3423 totum
1448 3381 1657 3441 corpus
1679 3363 1925 3422 adhaesa
1942 3407 1959 3435 ‚

265 3458 372 3511 840
393 3467 505 3508 nec
527 3448 726 3508 facere
751 3457 811 3506 ut
833 3458 1071 3527 possent
1104 3449 1402 3525 quicquam
1423 3464 1534 3505 nec
1559 3446 1769 3505 cedere
1796 3461 2072 3520 quoquam

1772 3522 1895 3583 10*
