2409 3825
133 181 314 252 LXI]

237 3560 509 3603 camum.

991 176 1222 235 LIBER.

558 342 805 408 Scimus
847 341 1003 405 haee
1043 338 1162 402 tibi
1208 360 1384 423 quae.
1410 339 1607 403 licent

644 426 794 491 Sola
834 423 1118 507 cognita:
1164 423 1277 487 sed
1319 424 1549 487 marito

645 509 778 573 Ista
816 528 951 571 non
992 507 1211 570 eadem
1254 508 1467 571 licent.

558 594 615 658 Ο
660 593 911 675 Hymen
954 590 1320 673 Hymenaee
1363 592 1460 674 io,

645 676 700 739 O
739 672 996 756 Hymen
1037 674 1424 757 Hymenaee.

554 800 662 866 Nu
709 802 803 882 ta,
846 801 920 864 tu
961 821 1242 885 quoque,
1286 822 1447 885 quae
1491 803 1636 866 tuos

702 884 757 946 ir
797 886 999 966 petess,
1046 905 1197 949 eave
1242 906 1324 949 ne
1366 907 1563 971 neges
1573 933 1595 970 ‚

637 966 726 1031 Ni
765 967 1038 1051 petitum
1082 968 1338 1033 aliunde
1382 974 1503 1035 eat.

552 1049 611 1116 Ο
654 1050 910 1133 Hymen
949 1051 1319 1135 Hymenaee
1360 1053 1456 1137 io,

643 1134 696 1199 Ο
740 1134 996 1219 Hymen
1037 1136 1425 1220 Hymenaee.

552 1259 658 1326 En
700 1260 822 1324 tibi
864 1261 1088 1328 domus
1130 1266 1207 1327 ut
1246 1268 1477 1348 potens

636 1344 725 1409 Et
765 1345 952 1410 beata
992 1348 1115 1411 viri
1156 1348 1282 1429 tui,

640 1428 815 1502 Quae
858 1430 976 1494 tibi
1022 1431 1160 1494 sine
1201 1432 1330 1495 fine
1375 1432 1498 1496 erit

555 1509 643 1595 (O
687 1511 942 1595 Hymen
983 1513 1350 1597 Hymenaee
1393 1516 1489 1600 io,

640 1594 694 1660 O
739 1595 996 1679 Hymen
1035 1597 1471 1686 Hymenaee),

554 1719 773 1805 Vsque
817 1723 969 1787 dum
1010 1726 1354 1790 tremulum
1395 1746 1661 1790 movens

639 1806 816 1872 Cana
856 1809 1107 1892 tempus
1153 1810 1406 1874 anilitas

640 1889 872 1956 Omnia
914 1893 1209 1958 omnibus
1254 1893 1493 1960 adnuiiz.

552 1974 610 2040 Ο
654 1975 910 2059 Hymen
951 1977 1319 2061 Hymenaee
1362 1980 1461 2063 io,

642 2059 694 2123 Ο
740 2061 995 2144 Hymen
1035 2061 1424 2145 Hymenaee.

554 2185 858 2253 Transfer
900 2190 1112 2254 omine
1157 2212 1303 2255 eum
1345 2191 1516 2254 bono

638 2270 864 2337 Limen
908 2275 1197 2339 aureolos
1240 2275 1464 2359 pedes»,

638 2354 1040 2440 Rasilemque
1085 2359 1229 2423 subi
1270 2360 1492 2423 forem.

557 2436 612 2502 O
657 2438 912 2522 Hymen
954 2441 1322 2524 Hymenaee
1364 2444 1459 2525 io,

641 2522 694 2586 Ο
738 2524 995 2606 Hymen
1037 2526 1424 2610 Hymenaee.

555 2648 648 2710 As
694 2648 820 2734 ice,
864 2651 1036 2716 intus
1077 2657 1153 2717 ut
1193 2653 1509 2717 accubans

699 2734 755 2797 ir
797 2739 942 2800 tuos
986 2736 1177 2820 Tyrio
1223 2738 1294 2803 in
1335 2739 1477 2801 toro

638 2816 838 2883 Totus
882 2821 1192 2885 inmineass
1234 2822 1373 2886 tibi.

557 2899 610 2962 O
654 2902 912 2986 Hymen
952 2904 1321 2988 Hymenaee
1361 2907 1456 2989 io,

639 2986 693 3052 O
737 2987 997 3072 Hymen
1038 2990 1425 3073 Hymenaee.

556 3111 662 3178 Illi
704 3137 839 3179 non
880 3116 1091 3181 minus
1138 3140 1213 3182 ae
1254 3118 1375 3182 tibi

640 3198 907 3266 Pectore
948 3202 1156 3265 uritur
1196 3203 1427 3266 intimo

638 3283 955 3368 Flamma,
1001 3285 1113 3349 sed
1155 3286 1373 3369 penite
1414 3286 1641 3371 magia.

555 3366 609 3431 Ο
654 3367 910 3452 Hymen
949 3367 1321 3453 Hymenaee
1363 3371 1460 3454 io,

636 3452 690 3518 O
737 3453 993 3537 Hymen
1033 3453 1421 3538 Hymenaee.

1996 170 2083 236 33

1982 601 2080 652 145

1982 1066 2082 1115 150

1982 1526 2079 1577 155

1982 1991 2081 2040 160

1984 2453 2081 2503 165

1984 2920 2084 2968 170

1983 3384 2080 3432 175
