2409 3825
204 172 327 237 162
982 252 988 257 ,
1117 175 1226 234 7ν

367 360 473 420 per
495 342 738 402 tumulos
762 351 820 401 et
845 342 1116 401 convallis
1143 360 1491 424 camposque
1517 345 1781 423 profusa:

367 430 427 485 ut
447 443 593 484 nunc
617 444 749 485 esse
769 425 933 485 vides
952 428 1108 485 vario
1138 426 1396 488 distincta
1425 427 1628 507 lepore

200 518 339 574 1375
371 511 554 569 omnia
568 527 757 588 ,quae
782 511 963 586 pomis
986 512 1237 570 intersita
1259 510 1520 572 dulcibus
1546 524 1743 574 ornant

359 593 721 671 arbustisque
737 600 939 652 tenent
962 593 1225 653 felicibus
1250 598 1433 673 opsita
1461 597 1692 656 circum.

426 672 455 758 Η
486 677 560 736 At
582 676 821 755 liquidas
844 678 1035 735 avium
1047 695 1229 738 voces
1252 681 1518 738 imitarier
1540 696 1643 739 ore

364 770 493 821 ante
515 760 618 819 fuit
639 760 814 818 multo
839 778 1003 837 quam
1023 759 1170 821 levia
1194 765 1437 823 earmina
1458 771 1623 823 cautu

364 844 772 904 concelebrare
803 843 1057 903 homines
1083 855 1320 922 possent
1341 849 1604 924 aurisque
1626 849 1841 910 iuvare.

195 938 330 992 1380
357 937 414 987 et
438 927 704 1005 zephyri,
733 944 871 986 cava
896 943 1000 1005 per
1024 928 1393 1006 calamorum,
1421 929 1585 990 sibila
1608 934 1844 1009 primum

359 1013 601 1090 agrestis
623 1009 873 1069 docuere
897 1028 1063 1071 cavas
1086 1012 1282 1072 inflare
1306 1015 1538 1074 cicutas

358 1095 487 1155 inde
510 1096 815 1153 minutatim
838 1093 1018 1153 dulcis
1044 1094 1296 1155 didicere
1319 1097 1635 1175 querellas,

357 1179 493 1238 tibia
518 1196 657 1256 quas
682 1177 861 1236 fundit
882 1177 1070 1255 digitis
1094 1179 1316 1256 pulsata
1342 1190 1668 1257 canentum,

357 1264 479 1322 avia
505 1278 609 1339 per
633 1278 863 1321 nemora
888 1279 957 1320 ac
981 1262 1153 1322 silvas
1177 1262 1469 1343 saltusque
1492 1275 1719 1341 reperta
1737 1310 1754 1340 ,

193 1354 328 1409 1385
363 1364 469 1424 per
488 1346 618 1405 loca
643 1353 932 1423 pastorum
955 1344 1180 1405 deserta
1201 1356 1371 1425 atque
1395 1350 1509 1407 otia
1537 1347 1643 1407 dia.

362 1431 470 1508 [sic
499 1447 663 1487 rurum
687 1428 956 1508 quicquid
981 1429 1245 1506 paulatim
1269 1431 1539 1509 protrahit
1562 1443 1720 1491 aetas

357 1516 412 1572 in
436 1512 677 1571 medium
699 1515 952 1589 ratioque
977 1514 1031 1571 in
1057 1512 1281 1573 luminis
1307 1517 1474 1592 erigit
1497 1515 1649 1593 oras]

358 1598 501 1656 haec
528 1598 741 1656 animos
772 1595 902 1654 ollis
923 1596 1245 1657 mulcebant
1263 1608 1433 1675 atque
1457 1599 1717 1659 iuvabant
1796 1677 1803 1678 V

358 1699 484 1740 cum
509 1682 709 1740 satiate
733 1680 873 1739 cibi:
895 1698 1020 1739 nam
1043 1689 1157 1739 tum
1173 1693 1314 1742 ‘sant
1342 1684 1581 1742 carmina
1606 1683 1779 1745 cordi.

192 1772 324 1827 1390
356 1781 532 1841 saepe
556 1765 746 1841 itaque
765 1765 912 1823 inter
934 1783 999 1823 se
1024 1767 1287 1842 prostrati
1309 1768 1363 1824 in
1386 1768 1637 1842 gramine
1659 1766 1812 1825 molli

357 1857 594 1926 propter
614 1865 796 1926 aquae
819 1849 998 1906 rivom
1021 1848 1126 1923 sub
1148 1851 1315 1909 ramis
1339 1848 1555 1909 arboris
1577 1849 1724 1910 altae

356 1949 469 1992 non
489 1933 706 2008 magnis
729 1931 934 2008 opibus
958 1933 1198 1991 iucunde
1230 1950 1473 2011 corpora
1499 1934 1780 1994 habebant
1796 1977 1812 2008 ,

357 2016 690 2093 praesertim
714 2033 839 2073 cum
859 2024 1171 2093 tempestas
1193 2016 1416 2076 ridebat
1439 2027 1497 2077 et
1519 2020 1647 2077 anni

356 2107 610 2177 tempora
634 2095 943 2176 pingebant
962 2099 1251 2160 viridantis
1274 2100 1505 2160 floribus
1528 2101 1754 2161 herbaS.

193 2191 326 2246 1395
363 2193 478 2242 tum
501 2184 627 2241 ioca
644 2226 661 2257 ,
690 2192 806 2242 tum
828 2199 1016 2242 sermo
1033 2229 1050 2259 ,
1076 2193 1191 2243 tum
1217 2182 1414 2243 dulces
1444 2203 1576 2245 esse
1602 2185 1855 2245 cachinni

360 2275 718 2325 consuerant.
744 2268 988 2342 agrestis
1013 2270 1159 2326 enim
1183 2276 1299 2326 tum
1321 2286 1479 2327 musa
1504 2269 1766 2346 vigebat:

357 2358 471 2408 tum
493 2358 664 2426 caput
685 2357 857 2427 atque
879 2369 1106 2410 umeros
1131 2350 1318 2427 plexis
1340 2351 1602 2411 redimire
1621 2354 1853 2411 coronis

359 2433 592 2493 floribus
618 2441 676 2492 et
699 2433 849 2493 foliis
878 2433 1110 2494 lascivia
1136 2434 1285 2494 laeta
1304 2435 1600 2510 monebat,

354 2527 525 2596 atque
552 2524 710 2576 extra
735 2535 1027 2577 numerum
1050 2518 1372 2596 procedere
1396 2519 1647 2578 membra
1672 2529 1976 2580 moventes

188 2609 325 2663 1400
356 2601 565 2660 duriter
589 2610 646 2660 et
669 2600 807 2660 duro
831 2610 1036 2662 terram
1058 2600 1212 2679 pede
1234 2601 1456 2679 pellere
1480 2611 1741 2671 matrem,
1726 2625 1740 2640 ·

355 2684 504 2745 unde
528 2685 851 2744 oriebantur
876 2687 1023 2745 risus
1048 2684 1363 2764 dulcesque
1385 2687 1673 2763 cachinni,

357 2770 538 2828 omnia
563 2767 715 2846 quod
733 2785 879 2828 nova
903 2777 1018 2828 tum
1041 2770 1222 2847 magis
1245 2768 1390 2828 haee
1414 2779 1472 2828 et
1493 2768 1630 2829 mira
1633 2769 1941 2867 ‘vig-ebant.

356 2863 414 2912 et
437 2851 795 2929 vigilantibus
818 2853 950 2911 hinc
974 2851 1205 2911 aderant
1227 2851 1443 2912 solacia
1467 2855 1678 2927 somni,

355 2935 566 2995 ducere
587 2935 926 3001 multimodis
946 2953 1127 2995 voces
1151 2944 1209 2995 et
1230 2935 1470 2995 flectere
1494 2946 1690 2996 cantus

189 3029 325 3085 1405
359 3029 416 3079 et
440 3037 647 3097 supera
677 3017 924 3079 calamos
950 3036 1099 3078 unco
1124 3036 1466 3097 percurrere
1494 3018 1689 3088 labro;

356 3102 505 3162 unde
532 3105 698 3162 etiam
717 3102 924 3179 vigiles
947 3121 1095 3163 nunc
1118 3104 1264 3164 haec
1285 3112 1528 3181 accepta
1556 3112 1815 3178 tuentur,

359 3195 418 3246 et
435 3204 723 3246 numerum
746 3203 974 3247 servare
998 3190 1155 3247 sonis
1179 3186 1431 3247 didicere
1446 3232 1462 3262 ,
1487 3204 1676 3264 neque
1702 3186 1818 3246 hilo

357 3274 625 3328 maiorem
647 3271 863 3330 interea
888 3273 1117 3348 capiunt
1139 3270 1446 3329 dulcedini'
1470 3269 1713 3328 fructum

307 3369 526 3428 -quam
549 3352 812 3411 silvestre
834 3370 1017 3428 genus
1042 3355 1306 3432 capiebat
1330 3354 1755 3429 terrigenarum.

196 3446 333 3500 1410
365 3451 490 3492 nam
514 3433 668 3512 quod
691 3433 852 3493 adest
880 3445 1108 3510 praesto
1124 3482 1141 3512 ,
1166 3438 1272 3494 nisi
1301 3436 1431 3511 quid
1457 3439 1827 3511 cognovimus
1849 3445 1980 3495 ante
