<?xml version="1.0" encoding="UTF-8"?>
<!DOCTYPE html PUBLIC "-//W3C//DTD XHTML 1.0 Transitional//EN"
    "http://www.w3.org/TR/xhtml1/DTD/xhtml1-transitional.dtd">
<html xmlns="http://www.w3.org/1999/xhtml" xml:lang="en" lang="en">
 <head>
  <title>
</title>
<meta http-equiv="Content-Type" content="text/html;charset=utf-8" />
  <meta name='ocr-system' content='tesseract 3.04.00' />
  <meta name='ocr-capabilities' content='ocr_page ocr_carea ocr_par ocr_line ocrx_word'/>
</head>
<body>
  <div class='ocr_page' id='page_1' title='image "./tlucreticarider01unkngoog_0450.png"; bbox 0 0 2409 3825; ppageno 0'>
   <div class='ocr_carea' id='block_1_1' title="bbox 339 197 1425 257">
    <p class='ocr_par' dir='ltr' id='par_1_1' title="bbox 339 197 1425 257">
     <span class='ocr_line' id='line_1_1' title="bbox 339 197 1425 257; baseline -0.003 0"><span class='ocrx_word' id='word_1_1' title='bbox 339 197 379 257; x_wconf 84' lang='lat'>6</span> <span class='ocrx_word' id='word_1_2' title='bbox 444 225 451 250; x_wconf 72' lang='lat' dir='ltr'><em>s</em></span> <span class='ocrx_word' id='word_1_3' title='bbox 1197 207 1425 256; x_wconf 79' lang='lat' dir='ltr'>PERsn</span> 
     </span>
    </p>
   </div>
   <div class='ocr_carea' id='block_1_2' title="bbox 330 345 2368 3253">
    <p class='ocr_par' dir='ltr' id='par_1_2' title="bbox 330 345 2368 3253">
     <span class='ocr_line' id='line_1_2' title="bbox 341 345 2321 426; baseline 0.005 -20"><span class='ocrx_word' id='word_1_4' title='bbox 341 347 483 421; x_wconf 84' lang='lat' dir='ltr'>Quis</span> <span class='ocrx_word' id='word_1_5' title='bbox 529 346 724 425; x_wconf 85' lang='lat' dir='ltr'>potior</span> <span class='ocrx_word' id='word_1_6' title='bbox 769 345 974 421; x_wconf 85' lang='lat' dir='ltr'>iudex,</span> <span class='ocrx_word' id='word_1_7' title='bbox 1025 349 1301 424; x_wconf 85' lang='lat' dir='ltr'>puerisve</span> <span class='ocrx_word' id='word_1_8' title='bbox 1349 349 1475 426; x_wconf 87' lang='lat' dir='ltr'>quis</span> <span class='ocrx_word' id='word_1_9' title='bbox 1521 351 1712 426; x_wconf 86' lang='lat' dir='ltr'>aptior</span> <span class='ocrx_word' id='word_1_10' title='bbox 1757 351 1971 411; x_wconf 85' lang='lat' dir='ltr'>orbis?</span> <span class='ocrx_word' id='word_1_11' title='bbox 2266 366 2321 416; x_wconf 77' lang='lat'>20</span> 
     </span>
     <span class='ocr_line' id='line_1_3' title="bbox 337 428 2142 513; baseline 0.004 -24"><span class='ocrx_word' id='word_1_12' title='bbox 337 431 464 489; x_wconf 92' lang='lat' dir='ltr'>Hoc</span> <span class='ocrx_word' id='word_1_13' title='bbox 510 431 714 507; x_wconf 83' lang='lat' dir='ltr'>igitur,</span> <span class='ocrx_word' id='word_1_14' title='bbox 766 447 880 508; x_wconf 90' lang='lat' dir='ltr'>quo</span> <span class='ocrx_word' id='word_1_15' title='bbox 932 439 991 489; x_wconf 92' lang='lat' dir='ltr'>tu</span> <span class='ocrx_word' id='word_1_16' title='bbox 1039 428 1195 489; x_wconf 84' lang='lat' dir='ltr'>Iovis</span> <span class='ocrx_word' id='word_1_17' title='bbox 1244 449 1440 490; x_wconf 90' lang='lat' dir='ltr'>aurem</span> <span class='ocrx_word' id='word_1_18' title='bbox 1484 433 1786 510; x_wconf 84' lang='lat' dir='ltr'>impellere</span> <span class='ocrx_word' id='word_1_19' title='bbox 1840 444 2142 513; x_wconf 84' lang='lat' dir='ltr'>temptas,</span> 
     </span>
     <span class='ocr_line' id='line_1_4' title="bbox 339 512 2112 596; baseline 0.005 -24"><span class='ocrx_word' id='word_1_20' title='bbox 339 514 448 572; x_wconf 92' lang='lat' dir='ltr'>Dic</span> <span class='ocrx_word' id='word_1_21' title='bbox 492 512 738 589; x_wconf 83' lang='lat' dir='ltr'>agedum</span> <span class='ocrx_word' id='word_1_22' title='bbox 783 514 976 572; x_wconf 81' lang='lat' dir='ltr'><strong>Staio:</strong></span> <span class='ocrx_word' id='word_1_23' title='bbox 1022 530 1146 590; x_wconf 84' lang='lat' dir='ltr'>pro</span> <span class='ocrx_word' id='word_1_24' title='bbox 1180 512 1499 592; x_wconf 79' lang='lat' dir='ltr'>Iuppiter!</span> <span class='ocrx_word' id='word_1_25' title='bbox 1540 536 1574 576; x_wconf 93' lang='lat' dir='ltr'>o</span> <span class='ocrx_word' id='word_1_26' title='bbox 1619 517 1800 592; x_wconf 78' lang='lat' dir='ltr'>bone,</span> <span class='ocrx_word' id='word_1_27' title='bbox 1852 518 2112 596; x_wconf 85' lang='lat' dir='ltr'>clamet,</span> 
     </span>
     <span class='ocr_line' id='line_1_5' title="bbox 339 596 1869 687; baseline 0.001 -31"><span class='ocrx_word' id='word_1_28' title='bbox 339 596 650 675; x_wconf 80' lang='lat' dir='ltr'>Iuppiter!</span> <span class='ocrx_word' id='word_1_29' title='bbox 692 604 748 655; x_wconf 89' lang='lat' dir='ltr'>at</span> <span class='ocrx_word' id='word_1_30' title='bbox 791 613 926 654; x_wconf 89' lang='lat' dir='ltr'>sese</span> <span class='ocrx_word' id='word_1_31' title='bbox 973 613 1087 655; x_wconf 91' lang='lat' dir='ltr'>non</span> <span class='ocrx_word' id='word_1_32' title='bbox 1137 596 1349 656; x_wconf 89' lang='lat' dir='ltr'>clamet</span> <span class='ocrx_word' id='word_1_33' title='bbox 1391 596 1652 687; x_wconf 88' lang='lat' dir='ltr'>Iuppiter</span> <span class='ocrx_word' id='word_1_34' title='bbox 1697 597 1869 677; x_wconf 78' lang='lat' dir='ltr'>ipse?</span> 
     </span>
     <span class='ocr_line' id='line_1_6' title="bbox 334 680 2368 758; baseline 0.001 -19"><span class='ocrx_word' id='word_1_35' title='bbox 334 680 644 756; x_wconf 78' lang='lat' dir='ltr'>Ignovisse</span> <span class='ocrx_word' id='word_1_36' title='bbox 689 687 890 755; x_wconf 84' lang='lat' dir='ltr'>putas,</span> <span class='ocrx_word' id='word_1_37' title='bbox 939 681 1106 757; x_wconf 83' lang='lat' dir='ltr'>quia,</span> <span class='ocrx_word' id='word_1_38' title='bbox 1150 698 1321 758; x_wconf 88' lang='lat' dir='ltr'>quum</span> <span class='ocrx_word' id='word_1_39' title='bbox 1367 689 1558 757; x_wconf 83' lang='lat' dir='ltr'>tonat,</span> <span class='ocrx_word' id='word_1_40' title='bbox 1610 684 1772 741; x_wconf 89' lang='lat' dir='ltr'>ocius</span> <span class='ocrx_word' id='word_1_41' title='bbox 1817 683 1938 741; x_wconf 86' lang='lat' dir='ltr'>ilex</span> <span class='ocrx_word' id='word_1_42' title='bbox 2367 739 2368 742; x_wconf 74' lang='grc'>,</span> 
     </span>
     <span class='ocr_line' id='line_1_7' title="bbox 341 761 2323 853; baseline 0.002 -32"><span class='ocrx_word' id='word_1_43' title='bbox 341 762 570 821; x_wconf 85' lang='lat' dir='ltr'>Sulfure</span> <span class='ocrx_word' id='word_1_44' title='bbox 619 761 915 821; x_wconf 81' lang='lat' dir='ltr'>discutitur</span> <span class='ocrx_word' id='word_1_45' title='bbox 958 780 1127 822; x_wconf 82' lang='lat' dir='ltr'>sacro</span> <span class='ocrx_word' id='word_1_46' title='bbox 1169 781 1338 840; x_wconf 88' lang='lat' dir='ltr'>quam</span> <span class='ocrx_word' id='word_1_47' title='bbox 1381 763 1969 853; x_wconf 51' lang='lat' dir='ltr'>tuquefflomusque?</span> <span class='ocrx_word' id='word_1_48' title='bbox 2266 782 2323 832; x_wconf 75' lang='lat'>25</span> 
     </span>
     <span class='ocr_line' id='line_1_8' title="bbox 342 844 1909 924; baseline 0.002 -21"><span class='ocrx_word' id='word_1_49' title='bbox 342 846 428 903; x_wconf 85' lang='lat' dir='ltr'>An</span> <span class='ocrx_word' id='word_1_50' title='bbox 476 846 606 921; x_wconf 89' lang='lat' dir='ltr'>quia</span> <span class='ocrx_word' id='word_1_51' title='bbox 648 861 762 903; x_wconf 92' lang='lat' dir='ltr'>non</span> <span class='ocrx_word' id='word_1_52' title='bbox 805 844 964 904; x_wconf 85' lang='lat' dir='ltr'>fibris</span> <span class='ocrx_word' id='word_1_53' title='bbox 1010 848 1199 904; x_wconf 91' lang='lat' dir='ltr'>ovium</span> <span class='ocrx_word' id='word_1_54' title='bbox 1244 845 1631 924; x_wconf 83' lang='lat' dir='ltr'>Ergennaque</span> <span class='ocrx_word' id='word_1_55' title='bbox 1677 848 1909 907; x_wconf 85' lang='lat' dir='ltr'>iubente</span> 
     </span>
     <span class='ocr_line' id='line_1_9' title="bbox 342 927 1751 1008; baseline 0.002 -21"><span class='ocrx_word' id='word_1_56' title='bbox 342 927 530 987; x_wconf 82' lang='lat' dir='ltr'>Triste</span> <span class='ocrx_word' id='word_1_57' title='bbox 586 929 744 987; x_wconf 87' lang='lat' dir='ltr'>iaces</span> <span class='ocrx_word' id='word_1_58' title='bbox 796 927 942 987; x_wconf 88' lang='lat' dir='ltr'>lucis</span> <span class='ocrx_word' id='word_1_59' title='bbox 989 929 1431 1008; x_wconf 81' lang='lat' dir='ltr'>evitandumque</span> <span class='ocrx_word' id='word_1_60' title='bbox 1475 930 1751 1006; x_wconf 86' lang='lat' dir='ltr'>bidental,</span> 
     </span>
     <span class='ocr_line' id='line_1_10' title="bbox 340 1005 1865 1087; baseline 0.002 -17"><span class='ocrx_word' id='word_1_61' title='bbox 340 1010 566 1070; x_wconf 82' lang='lat' dir='ltr'>Idcirco</span> <span class='ocrx_word' id='word_1_62' title='bbox 613 1009 878 1069; x_wconf 82' lang='lat' dir='ltr'>stolidam</span> <span class='ocrx_word' id='word_1_63' title='bbox 924 1005 1170 1087; x_wconf 80' lang='lat' dir='ltr'>praebet</span> <span class='ocrx_word' id='word_1_64' title='bbox 1214 1012 1315 1071; x_wconf 87' lang='lat' dir='ltr'>tibi</span> <span class='ocrx_word' id='word_1_65' title='bbox 1359 1014 1586 1073; x_wconf 86' lang='lat' dir='ltr'>vellere</span> <span class='ocrx_word' id='word_1_66' title='bbox 1629 1013 1865 1074; x_wconf 88' lang='lat' dir='ltr'>barbam</span> 
     </span>
     <span class='ocr_line' id='line_1_11' title="bbox 337 1089 2148 1172; baseline 0.005 -20"><span class='ocrx_word' id='word_1_67' title='bbox 337 1089 638 1171; x_wconf 78' lang='lat' dir='ltr'>luppiter?</span> <span class='ocrx_word' id='word_1_68' title='bbox 684 1101 778 1151; x_wconf 91' lang='lat' dir='ltr'>aut</span> <span class='ocrx_word' id='word_1_69' title='bbox 823 1094 1088 1169; x_wconf 88' lang='lat' dir='ltr'>quidnam</span> <span class='ocrx_word' id='word_1_70' title='bbox 1135 1104 1256 1170; x_wconf 83' lang='lat' dir='ltr'>est,</span> <span class='ocrx_word' id='word_1_71' title='bbox 1305 1114 1415 1172; x_wconf 89' lang='lat' dir='ltr'>qua</span> <span class='ocrx_word' id='word_1_72' title='bbox 1461 1107 1520 1157; x_wconf 91' lang='lat' dir='ltr'>tu</span> <span class='ocrx_word' id='word_1_73' title='bbox 1566 1098 1839 1157; x_wconf 88' lang='lat' dir='ltr'>mercede</span> <span class='ocrx_word' id='word_1_74' title='bbox 1891 1097 2148 1161; x_wconf 86' lang='lat' dir='ltr'>deorum</span> 
     </span>
     <span class='ocr_line' id='line_1_12' title="bbox 336 1173 2324 1255; baseline 0.002 -20"><span class='ocrx_word' id='word_1_75' title='bbox 336 1173 566 1235; x_wconf 88' lang='lat' dir='ltr'>Emeris</span> <span class='ocrx_word' id='word_1_76' title='bbox 611 1175 943 1237; x_wconf 80' lang='lat' dir='ltr'>auriculas?</span> <span class='ocrx_word' id='word_1_77' title='bbox 988 1177 1261 1255; x_wconf 88' lang='lat' dir='ltr'>pulmone</span> <span class='ocrx_word' id='word_1_78' title='bbox 1304 1188 1361 1239; x_wconf 88' lang='lat' dir='ltr'>et</span> <span class='ocrx_word' id='word_1_79' title='bbox 1406 1179 1650 1239; x_wconf 85' lang='lat' dir='ltr'>lactibus</span> <span class='ocrx_word' id='word_1_80' title='bbox 1695 1180 1921 1240; x_wconf 76' lang='lat' dir='ltr'>unctis?</span> <span class='ocrx_word' id='word_1_81' title='bbox 2260 1197 2324 1247; x_wconf 83' lang='lat'>30</span> 
     </span>
     <span class='ocr_line' id='line_1_13' title="bbox 422 1259 1995 1323; baseline 0.002 -4"><span class='ocrx_word' id='word_1_82' title='bbox 422 1259 582 1319; x_wconf 87' lang='lat' dir='ltr'>Ecce</span> <span class='ocrx_word' id='word_1_83' title='bbox 628 1259 753 1318; x_wconf 88' lang='lat' dir='ltr'>avia</span> <span class='ocrx_word' id='word_1_84' title='bbox 799 1267 895 1317; x_wconf 82' lang='lat' dir='ltr'>aut</span> <span class='ocrx_word' id='word_1_85' title='bbox 938 1270 1198 1319; x_wconf 89' lang='lat' dir='ltr'>metuens</span> <span class='ocrx_word' id='word_1_86' title='bbox 1245 1260 1434 1323; x_wconf 90' lang='lat' dir='ltr'>divum</span> <span class='ocrx_word' id='word_1_87' title='bbox 1476 1272 1784 1322; x_wconf 80' lang='lat' dir='ltr'>matertera</span> <span class='ocrx_word' id='word_1_88' title='bbox 1830 1266 1995 1322; x_wconf 85' lang='lat' dir='ltr'>cunis</span> 
     </span>
     <span class='ocr_line' id='line_1_14' title="bbox 340 1331 1927 1425; baseline 0.001 -23"><span class='ocrx_word' id='word_1_89' title='bbox 340 1331 568 1402; x_wconf 61' lang='lat' dir='ltr'>Ekemit</span> <span class='ocrx_word' id='word_1_90' title='bbox 611 1359 884 1419; x_wconf 82' lang='lat' dir='ltr'>puerum,</span> <span class='ocrx_word' id='word_1_91' title='bbox 929 1344 1297 1421; x_wconf 86' lang='lat' dir='ltr'>frontemque</span> <span class='ocrx_word' id='word_1_92' title='bbox 1344 1355 1515 1425; x_wconf 91' lang='lat' dir='ltr'>atque</span> <span class='ocrx_word' id='word_1_93' title='bbox 1559 1346 1671 1406; x_wconf 88' lang='lat' dir='ltr'>uda</span> <span class='ocrx_word' id='word_1_94' title='bbox 1715 1345 1927 1406; x_wconf 90' lang='lat' dir='ltr'>labella</span> 
     </span>
     <span class='ocr_line' id='line_1_15' title="bbox 330 1421 1677 1502; baseline 0.001 -17"><span class='ocrx_word' id='word_1_95' title='bbox 330 1421 539 1485; x_wconf 71' lang='lat' dir='ltr'>&#39;infami</span> <span class='ocrx_word' id='word_1_96' title='bbox 592 1425 773 1502; x_wconf 86' lang='lat' dir='ltr'>digito</span> <span class='ocrx_word' id='word_1_97' title='bbox 817 1435 875 1484; x_wconf 87' lang='lat' dir='ltr'>et</span> <span class='ocrx_word' id='word_1_98' title='bbox 924 1426 1259 1487; x_wconf 88' lang='lat' dir='ltr'>lustralibus</span> <span class='ocrx_word' id='word_1_99' title='bbox 1303 1437 1434 1488; x_wconf 91' lang='lat' dir='ltr'>ante</span> <span class='ocrx_word' id='word_1_100' title='bbox 1479 1430 1677 1489; x_wconf 85' lang='lat' dir='ltr'>salivis</span> 
     </span>
     <span class='ocr_line' id='line_1_16' title="bbox 338 1509 1685 1590; baseline 0.003 -22"><span class='ocrx_word' id='word_1_101' title='bbox 338 1509 582 1587; x_wconf 79' lang='lat' dir='ltr'>Expiat,</span> <span class='ocrx_word' id='word_1_102' title='bbox 630 1517 865 1567; x_wconf 91' lang='lat' dir='ltr'>urentes</span> <span class='ocrx_word' id='word_1_103' title='bbox 914 1510 1119 1569; x_wconf 88' lang='lat' dir='ltr'>oculos</span> <span class='ocrx_word' id='word_1_104' title='bbox 1163 1511 1424 1571; x_wconf 89' lang='lat' dir='ltr'>inhibere</span> <span class='ocrx_word' id='word_1_105' title='bbox 1469 1515 1685 1590; x_wconf 88' lang='lat' dir='ltr'>perita;</span> 
     </span>
     <span class='ocr_line' id='line_1_17' title="bbox 339 1591 2320 1674; baseline 0.002 -22"><span class='ocrx_word' id='word_1_106' title='bbox 339 1592 500 1652; x_wconf 91' lang='lat' dir='ltr'>Tunc</span> <span class='ocrx_word' id='word_1_107' title='bbox 542 1591 801 1651; x_wconf 85' lang='lat' dir='ltr'>manibus</span> <span class='ocrx_word' id='word_1_108' title='bbox 851 1595 1031 1672; x_wconf 88' lang='lat' dir='ltr'>quatit</span> <span class='ocrx_word' id='word_1_109' title='bbox 1084 1603 1141 1653; x_wconf 90' lang='lat' dir='ltr'>et</span> <span class='ocrx_word' id='word_1_110' title='bbox 1190 1612 1354 1671; x_wconf 87' lang='lat' dir='ltr'>spem</span> <span class='ocrx_word' id='word_1_111' title='bbox 1397 1613 1646 1655; x_wconf 88' lang='lat' dir='ltr'>macram</span> <span class='ocrx_word' id='word_1_112' title='bbox 1689 1596 1954 1674; x_wconf 87' lang='lat' dir='ltr'>supplice</span> <span class='ocrx_word' id='word_1_113' title='bbox 2000 1606 2146 1655; x_wconf 86' lang='lat' dir='ltr'>voto</span> <span class='ocrx_word' id='word_1_114' title='bbox 2249 1607 2320 1659; x_wconf 79' lang='lat'>35</span> 
     </span>
     <span class='ocr_line' id='line_1_18' title="bbox 338 1675 2143 1754; baseline 0.001 -19"><span class='ocrx_word' id='word_1_115' title='bbox 338 1675 503 1735; x_wconf 92' lang='lat' dir='ltr'>Nunc</span> <span class='ocrx_word' id='word_1_116' title='bbox 547 1675 725 1734; x_wconf 85' lang='lat' dir='ltr'>Licini</span> <span class='ocrx_word' id='word_1_117' title='bbox 766 1677 825 1735; x_wconf 89' lang='lat' dir='ltr'>in</span> <span class='ocrx_word' id='word_1_118' title='bbox 870 1694 1140 1754; x_wconf 87' lang='lat' dir='ltr'>campos,</span> <span class='ocrx_word' id='word_1_119' title='bbox 1187 1696 1335 1737; x_wconf 89' lang='lat' dir='ltr'>nunc</span> <span class='ocrx_word' id='word_1_120' title='bbox 1381 1676 1576 1738; x_wconf 86' lang='lat' dir='ltr'>Crassi</span> <span class='ocrx_word' id='word_1_121' title='bbox 1620 1681 1782 1742; x_wconf 86' lang='lat' dir='ltr'>mittit</span> <span class='ocrx_word' id='word_1_122' title='bbox 1825 1681 1880 1737; x_wconf 91' lang='lat' dir='ltr'>in</span> <span class='ocrx_word' id='word_1_123' title='bbox 1925 1680 2143 1739; x_wconf 89' lang='lat' dir='ltr'>aedes:</span> 
     </span>
     <span class='ocr_line' id='line_1_19' title="bbox 338 1759 1857 1841; baseline 0.002 -22"><span class='ocrx_word' id='word_1_124' title='bbox 338 1759 499 1819; x_wconf 85' lang='lat' dir='ltr'>Hunc</span> <span class='ocrx_word' id='word_1_125' title='bbox 547 1767 709 1836; x_wconf 87' lang='lat' dir='ltr'>optet</span> <span class='ocrx_word' id='word_1_126' title='bbox 759 1777 1037 1836; x_wconf 87' lang='lat' dir='ltr'>generum</span> <span class='ocrx_word' id='word_1_127' title='bbox 1082 1779 1189 1819; x_wconf 84' lang='lat' dir='ltr'>rex</span> <span class='ocrx_word' id='word_1_128' title='bbox 1235 1771 1294 1820; x_wconf 90' lang='lat' dir='ltr'>et</span> <span class='ocrx_word' id='word_1_129' title='bbox 1337 1764 1568 1838; x_wconf 83' lang='lat' dir='ltr'>regina;</span> <span class='ocrx_word' id='word_1_130' title='bbox 1623 1763 1857 1841; x_wconf 85' lang='lat' dir='ltr'>puellae</span> 
     </span>
     <span class='ocr_line' id='line_1_20' title="bbox 337 1842 1989 1923; baseline 0.001 -21"><span class='ocrx_word' id='word_1_131' title='bbox 337 1842 500 1902; x_wconf 88' lang='lat' dir='ltr'>Hunc</span> <span class='ocrx_word' id='word_1_132' title='bbox 542 1844 795 1922; x_wconf 76' lang='lat' dir='ltr'>rapiant3</span> <span class='ocrx_word' id='word_1_133' title='bbox 843 1843 1114 1923; x_wconf 90' lang='lat' dir='ltr'>quidquid</span> <span class='ocrx_word' id='word_1_134' title='bbox 1160 1844 1472 1904; x_wconf 87' lang='lat' dir='ltr'>calcaverit</span> <span class='ocrx_word' id='word_1_135' title='bbox 1515 1846 1640 1923; x_wconf 83' lang='lat' dir='ltr'>hic,</span> <span class='ocrx_word' id='word_1_136' title='bbox 1685 1863 1820 1907; x_wconf 89' lang='lat' dir='ltr'>rosa</span> <span class='ocrx_word' id='word_1_137' title='bbox 1864 1845 1989 1905; x_wconf 85' lang='lat' dir='ltr'>fiat!</span> 
     </span>
     <span class='ocr_line' id='line_1_21' title="bbox 337 1928 1749 2006; baseline 0.003 -20"><span class='ocrx_word' id='word_1_138' title='bbox 337 1929 445 1987; x_wconf 86' lang='lat' dir='ltr'>Ast</span> <span class='ocrx_word' id='word_1_139' title='bbox 494 1944 607 2004; x_wconf 91' lang='lat' dir='ltr'>ego</span> <span class='ocrx_word' id='word_1_140' title='bbox 649 1928 854 1986; x_wconf 91' lang='lat' dir='ltr'>nutrici</span> <span class='ocrx_word' id='word_1_141' title='bbox 898 1945 1012 1987; x_wconf 92' lang='lat' dir='ltr'>non</span> <span class='ocrx_word' id='word_1_142' title='bbox 1054 1929 1260 1988; x_wconf 88' lang='lat' dir='ltr'>mando</span> <span class='ocrx_word' id='word_1_143' title='bbox 1307 1939 1467 1999; x_wconf 81' lang='lat' dir='ltr'>vota;</span> <span class='ocrx_word' id='word_1_144' title='bbox 1513 1939 1749 2006; x_wconf 84' lang='lat' dir='ltr'>negato,</span> 
     </span>
     <span class='ocr_line' id='line_1_22' title="bbox 338 2010 2317 2095; baseline 0.004 -25"><span class='ocrx_word' id='word_1_145' title='bbox 338 2010 629 2089; x_wconf 83' lang='lat' dir='ltr'>Iuppiter,</span> <span class='ocrx_word' id='word_1_146' title='bbox 676 2010 823 2070; x_wconf 89' lang='lat' dir='ltr'>haec</span> <span class='ocrx_word' id='word_1_147' title='bbox 860 2011 975 2086; x_wconf 81' lang='lat' dir='ltr'>illi,</span> <span class='ocrx_word' id='word_1_148' title='bbox 1028 2014 1286 2090; x_wconf 84' lang='lat' dir='ltr'>quamvis</span> <span class='ocrx_word' id='word_1_149' title='bbox 1332 2022 1390 2072; x_wconf 91' lang='lat' dir='ltr'>te</span> <span class='ocrx_word' id='word_1_150' title='bbox 1440 2013 1627 2073; x_wconf 80' lang='lat' dir='ltr'>albata</span> <span class='ocrx_word' id='word_1_151' title='bbox 1671 2015 1907 2095; x_wconf 85' lang='lat' dir='ltr'>rogarit.</span> <span class='ocrx_word' id='word_1_152' title='bbox 2244 2024 2317 2077; x_wconf 75' lang='lat'>40</span> 
     </span>
     <span class='ocr_line' id='line_1_23' title="bbox 340 2095 1929 2173; baseline 0.002 -20"><span class='ocrx_word' id='word_1_153' title='bbox 340 2095 540 2153; x_wconf 87' lang='lat' dir='ltr'>Poscis</span> <span class='ocrx_word' id='word_1_154' title='bbox 585 2111 757 2173; x_wconf 90' lang='lat' dir='ltr'>opem</span> <span class='ocrx_word' id='word_1_155' title='bbox 802 2097 995 2153; x_wconf 89' lang='lat' dir='ltr'>nervis</span> <span class='ocrx_word' id='word_1_156' title='bbox 1041 2113 1373 2173; x_wconf 89' lang='lat' dir='ltr'>corpusque</span> <span class='ocrx_word' id='word_1_157' title='bbox 1411 2096 1583 2156; x_wconf 86' lang='lat' dir='ltr'>fidele</span> <span class='ocrx_word' id='word_1_158' title='bbox 1626 2106 1929 2156; x_wconf 87' lang='lat' dir='ltr'>senectae:</span> 
     </span>
     <span class='ocr_line' id='line_1_24' title="bbox 340 2176 2029 2259; baseline 0.002 -23"><span class='ocrx_word' id='word_1_159' title='bbox 340 2177 483 2237; x_wconf 87' lang='lat' dir='ltr'>Esto</span> <span class='ocrx_word' id='word_1_160' title='bbox 531 2196 671 2254; x_wconf 86' lang='lat' dir='ltr'>age;</span> <span class='ocrx_word' id='word_1_161' title='bbox 719 2176 824 2237; x_wconf 89' lang='lat' dir='ltr'>sed</span> <span class='ocrx_word' id='word_1_162' title='bbox 868 2178 1120 2254; x_wconf 88' lang='lat' dir='ltr'>grandes</span> <span class='ocrx_word' id='word_1_163' title='bbox 1168 2181 1397 2256; x_wconf 81' lang='lat' dir='ltr'>patinae</span> <span class='ocrx_word' id='word_1_164' title='bbox 1441 2189 1789 2259; x_wconf 87' lang='lat' dir='ltr'>tuccetaque</span> <span class='ocrx_word' id='word_1_165' title='bbox 1833 2198 2029 2239; x_wconf 87' lang='lat' dir='ltr'>crassa</span> 
     </span>
     <span class='ocr_line' id='line_1_25' title="bbox 338 2260 2024 2340; baseline 0 -21"><span class='ocrx_word' id='word_1_166' title='bbox 338 2261 613 2319; x_wconf 86' lang='lat' dir='ltr'>Adnuere</span> <span class='ocrx_word' id='word_1_167' title='bbox 658 2260 748 2319; x_wconf 86' lang='lat' dir='ltr'>his</span> <span class='ocrx_word' id='word_1_168' title='bbox 789 2279 1036 2338; x_wconf 90' lang='lat' dir='ltr'>superos</span> <span class='ocrx_word' id='word_1_169' title='bbox 1079 2271 1322 2322; x_wconf 86' lang='lat' dir='ltr'>vetuere</span> <span class='ocrx_word' id='word_1_170' title='bbox 1364 2261 1676 2340; x_wconf 86' lang='lat' dir='ltr'>Iovemque</span> <span class='ocrx_word' id='word_1_171' title='bbox 1717 2272 2024 2323; x_wconf 89' lang='lat' dir='ltr'>morantur.</span> 
     </span>
     <span class='ocr_line' id='line_1_26' title="bbox 338 2344 2002 2424; baseline 0.002 -23"><span class='ocrx_word' id='word_1_172' title='bbox 338 2344 481 2402; x_wconf 90' lang='lat' dir='ltr'>Rem</span> <span class='ocrx_word' id='word_1_173' title='bbox 527 2351 753 2402; x_wconf 87' lang='lat' dir='ltr'>struere</span> <span class='ocrx_word' id='word_1_174' title='bbox 797 2353 1045 2422; x_wconf 87' lang='lat' dir='ltr'>exoptas</span> <span class='ocrx_word' id='word_1_175' title='bbox 1090 2362 1267 2404; x_wconf 87' lang='lat' dir='ltr'>caeso</span> <span class='ocrx_word' id='word_1_176' title='bbox 1312 2344 1496 2420; x_wconf 82' lang='lat' dir='ltr'>bove,</span> <span class='ocrx_word' id='word_1_177' title='bbox 1539 2344 2002 2424; x_wconf 86' lang='lat' dir='ltr'>Mercuriumque</span> 
     </span>
     <span class='ocr_line' id='line_1_27' title="bbox 340 2426 2307 2505; baseline 0.004 -19"><span class='ocrx_word' id='word_1_178' title='bbox 340 2428 617 2486; x_wconf 86' lang='lat' dir='ltr'>Accersis</span> <span class='ocrx_word' id='word_1_179' title='bbox 663 2426 837 2486; x_wconf 83' lang='lat' dir='ltr'>fibra:</span> <span class='ocrx_word' id='word_1_180' title='bbox 886 2429 971 2489; x_wconf 85' lang='lat' dir='ltr'>da</span> <span class='ocrx_word' id='word_1_181' title='bbox 1010 2429 1335 2505; x_wconf 74' lang='lat' dir='ltr'>fortunare</span> <span class='ocrx_word' id='word_1_182' title='bbox 1377 2427 1655 2504; x_wconf 68' lang='lat' dir='ltr'>PenateS,</span> <span class='ocrx_word' id='word_1_183' title='bbox 2240 2441 2307 2493; x_wconf 73' lang='lat'>45</span> 
     </span>
     <span class='ocr_line' id='line_1_28' title="bbox 339 2510 2155 2590; baseline 0 -18"><span class='ocrx_word' id='word_1_184' title='bbox 339 2510 441 2572; x_wconf 88' lang='lat' dir='ltr'>Da</span> <span class='ocrx_word' id='word_1_185' title='bbox 482 2528 678 2588; x_wconf 74' lang='lat' dir='ltr'>pecus</span> <span class='ocrx_word' id='word_1_186' title='bbox 721 2517 778 2571; x_wconf 83' lang='lat' dir='ltr'>et</span> <span class='ocrx_word' id='word_1_187' title='bbox 814 2512 1108 2590; x_wconf 72' lang='lat' dir='ltr'>yreyibus</span> <span class='ocrx_word' id='word_1_188' title='bbox 1145 2513 1370 2589; x_wconf 78' lang='lat' dir='ltr'>fetum!</span> <span class='ocrx_word' id='word_1_189' title='bbox 1420 2529 1566 2590; x_wconf 75' lang='lat' dir='ltr'>quo,</span> <span class='ocrx_word' id='word_1_190' title='bbox 1613 2514 1898 2590; x_wconf 78' lang='lat' dir='ltr'>pessime,</span> <span class='ocrx_word' id='word_1_191' title='bbox 1942 2523 2155 2590; x_wconf 76' lang='lat' dir='ltr'>pacto,</span> 
     </span>
     <span class='ocr_line' id='line_1_29' title="bbox 342 2594 2181 2678; baseline 0 -24"><span class='ocrx_word' id='word_1_192' title='bbox 342 2595 453 2654; x_wconf 87' lang='lat' dir='ltr'>Tot</span> <span class='ocrx_word' id='word_1_193' title='bbox 494 2594 597 2653; x_wconf 91' lang='lat' dir='ltr'>tihi</span> <span class='ocrx_word' id='word_1_194' title='bbox 640 2612 811 2672; x_wconf 88' lang='lat' dir='ltr'>quum</span> <span class='ocrx_word' id='word_1_195' title='bbox 849 2597 907 2653; x_wconf 92' lang='lat' dir='ltr'>in</span> <span class='ocrx_word' id='word_1_196' title='bbox 952 2595 1204 2655; x_wconf 85' lang='lat' dir='ltr'>flammas</span> <span class='ocrx_word' id='word_1_197' title='bbox 1250 2597 1508 2678; x_wconf 34' lang='lat' dir='ltr'>iunicum·</span> <span class='ocrx_word' id='word_1_198' title='bbox 1542 2605 1767 2655; x_wconf 88' lang='lat' dir='ltr'>omenta</span> <span class='ocrx_word' id='word_1_199' title='bbox 1812 2594 2181 2673; x_wconf 76' lang='lat' dir='ltr'>liquescant?</span> 
     </span>
     <span class='ocr_line' id='line_1_30' title="bbox 340 2679 1797 2756; baseline 0.001 -19"><span class='ocrx_word' id='word_1_200' title='bbox 340 2679 418 2737; x_wconf 85' lang='lat' dir='ltr'>At</span> <span class='ocrx_word' id='word_1_201' title='bbox 459 2687 648 2738; x_wconf 90' lang='lat' dir='ltr'>tamen</span> <span class='ocrx_word' id='word_1_202' title='bbox 691 2679 786 2738; x_wconf 88' lang='lat' dir='ltr'>hic</span> <span class='ocrx_word' id='word_1_203' title='bbox 833 2679 981 2736; x_wconf 86' lang='lat' dir='ltr'>extis</span> <span class='ocrx_word' id='word_1_204' title='bbox 1027 2689 1086 2738; x_wconf 91' lang='lat' dir='ltr'>et</span> <span class='ocrx_word' id='word_1_205' title='bbox 1131 2681 1324 2756; x_wconf 91' lang='lat' dir='ltr'>opimo</span> <span class='ocrx_word' id='word_1_206' title='bbox 1368 2680 1603 2737; x_wconf 84' lang='lat' dir='ltr'>vincere</span> <span class='ocrx_word' id='word_1_207' title='bbox 1645 2679 1797 2738; x_wconf 84' lang='lat' dir='ltr'>ferto</span> 
     </span>
     <span class='ocr_line' id='line_1_31' title="bbox 340 2760 2248 2843; baseline 0 -21"><span class='ocrx_word' id='word_1_208' title='bbox 340 2760 617 2822; x_wconf 89' lang='lat' dir='ltr'>Intendit:</span> <span class='ocrx_word' id='word_1_209' title='bbox 662 2763 787 2822; x_wconf 79' lang='lat' dir='ltr'>iam</span> <span class='ocrx_word' id='word_1_210' title='bbox 831 2763 1055 2823; x_wconf 78' lang='lat' dir='ltr'>crescit</span> <span class='ocrx_word' id='word_1_211' title='bbox 1094 2781 1276 2839; x_wconf 74' lang='lat' dir='ltr'>ayer,</span> <span class='ocrx_word' id='word_1_212' title='bbox 1316 2763 1442 2822; x_wconf 78' lang='lat' dir='ltr'>iam</span> <span class='ocrx_word' id='word_1_213' title='bbox 1486 2763 1710 2825; x_wconf 79' lang='lat' dir='ltr'>crescit</span> <span class='ocrx_word' id='word_1_214' title='bbox 1751 2762 1936 2839; x_wconf 78' lang='lat' dir='ltr'>ovile,</span> <span class='ocrx_word' id='word_1_215' title='bbox 2245 2836 2248 2843; x_wconf 23' lang='grc' dir='ltr'>ι</span> 
     </span>
     <span class='ocr_line' id='line_1_32' title="bbox 340 2844 2301 2925; baseline 0.001 -19"><span class='ocrx_word' id='word_1_216' title='bbox 340 2846 477 2906; x_wconf 82' lang='lat' dir='ltr'>Iam</span> <span class='ocrx_word' id='word_1_217' title='bbox 520 2845 800 2919; x_wconf 78' lang='lat' dir='ltr'>dabitur,</span> <span class='ocrx_word' id='word_1_218' title='bbox 840 2846 996 2920; x_wconf 79' lang='lat' dir='ltr'>iam,</span> <span class='ocrx_word' id='word_1_219' title='bbox 1041 2846 1200 2906; x_wconf 75' lang='lat' dir='ltr'>iam!</span> <span class='ocrx_word' id='word_1_220' title='bbox 1252 2846 1441 2905; x_wconf 90' lang='lat' dir='ltr'>donec</span> <span class='ocrx_word' id='word_1_221' title='bbox 1486 2844 1768 2923; x_wconf 88' lang='lat' dir='ltr'>deceptus</span> <span class='ocrx_word' id='word_1_222' title='bbox 1809 2854 1867 2904; x_wconf 89' lang='lat' dir='ltr'>et</span> <span class='ocrx_word' id='word_1_223' title='bbox 1905 2864 2123 2925; x_wconf 84' lang='lat' dir='ltr'>exspes</span> <span class='ocrx_word' id='word_1_224' title='bbox 2231 2859 2301 2908; x_wconf 79' lang='lat'>50</span> 
     </span>
     <span class='ocr_line' id='line_1_33' title="bbox 340 2927 1946 3008; baseline -0.001 -20"><span class='ocrx_word' id='word_1_225' title='bbox 340 2929 732 3008; x_wconf 87' lang='lat' dir='ltr'>Nequiquam:</span> <span class='ocrx_word' id='word_1_226' title='bbox 773 2927 999 3006; x_wconf 77' lang='lat' dir='ltr'>funda,</span> <span class='ocrx_word' id='word_1_227' title='bbox 1045 2930 1330 3006; x_wconf 82' lang='lat' dir='ltr'>suspiret,</span> <span class='ocrx_word' id='word_1_228' title='bbox 1374 2947 1650 2989; x_wconf 76' lang='lat' dir='ltr'>nummus</span> <span class='ocrx_word' id='word_1_229' title='bbox 1689 2930 1754 2989; x_wconf 79' lang='lat' dir='ltr'>in</span> <span class='ocrx_word' id='word_1_230' title='bbox 1793 2930 1946 2989; x_wconf 77' lang='lat' dir='ltr'>imo!</span> 
     </span>
     <span class='ocr_line' id='line_1_34' title="bbox 427 3009 1830 3090; baseline 0 -19"><span class='ocrx_word' id='word_1_231' title='bbox 427 3013 488 3071; x_wconf 91' lang='lat' dir='ltr'>Si</span> <span class='ocrx_word' id='word_1_232' title='bbox 529 3009 631 3070; x_wconf 88' lang='lat' dir='ltr'>tibi</span> <span class='ocrx_word' id='word_1_233' title='bbox 677 3020 962 3070; x_wconf 87' lang='lat' dir='ltr'>creterras</span> <span class='ocrx_word' id='word_1_234' title='bbox 1007 3014 1231 3088; x_wconf 91' lang='lat' dir='ltr'>argenti</span> <span class='ocrx_word' id='word_1_235' title='bbox 1275 3013 1590 3090; x_wconf 89' lang='lat' dir='ltr'>incusaque</span> <span class='ocrx_word' id='word_1_236' title='bbox 1634 3013 1830 3089; x_wconf 87' lang='lat' dir='ltr'>pingui</span> 
     </span>
     <span class='ocr_line' id='line_1_35' title="bbox 343 3094 1787 3171; baseline 0 -18"><span class='ocrx_word' id='word_1_237' title='bbox 343 3096 502 3153; x_wconf 85' lang='lat' dir='ltr'>Auro</span> <span class='ocrx_word' id='word_1_238' title='bbox 550 3094 698 3153; x_wconf 92' lang='lat' dir='ltr'>dona</span> <span class='ocrx_word' id='word_1_239' title='bbox 744 3094 956 3168; x_wconf 83' lang='lat' dir='ltr'>feram,</span> <span class='ocrx_word' id='word_1_240' title='bbox 1005 3095 1178 3153; x_wconf 90' lang='lat' dir='ltr'>sudes</span> <span class='ocrx_word' id='word_1_241' title='bbox 1228 3104 1284 3153; x_wconf 92' lang='lat' dir='ltr'>et</span> <span class='ocrx_word' id='word_1_242' title='bbox 1327 3104 1570 3171; x_wconf 88' lang='lat' dir='ltr'>pectore</span> <span class='ocrx_word' id='word_1_243' title='bbox 1619 3095 1787 3153; x_wconf 91' lang='lat' dir='ltr'>laevo</span> 
     </span>
     <span class='ocr_line' id='line_1_36' title="bbox 342 3175 1777 3253; baseline 0.001 -21"><span class='ocrx_word' id='word_1_244' title='bbox 342 3175 617 3233; x_wconf 87' lang='lat' dir='ltr'>Excutias</span> <span class='ocrx_word' id='word_1_245' title='bbox 661 3184 885 3250; x_wconf 84' lang='lat' dir='ltr'>guttas,</span> <span class='ocrx_word' id='word_1_246' title='bbox 933 3175 1134 3234; x_wconf 89' lang='lat' dir='ltr'>laetari</span> <span class='ocrx_word' id='word_1_247' title='bbox 1179 3177 1611 3253; x_wconf 88' lang='lat' dir='ltr'>praetrepidum</span> <span class='ocrx_word' id='word_1_248' title='bbox 1656 3193 1777 3234; x_wconf 92' lang='lat' dir='ltr'>cor.</span> 
     </span>
    </p>
   </div>
   <div class='ocr_carea' id='block_1_3' title="bbox 343 3253 2291 3402">
    <p class='ocr_par' dir='ltr' id='par_1_3' title="bbox 343 3253 2291 3402">
     <span class='ocr_line' id='line_1_37' title="bbox 343 3253 2291 3333; baseline 0.008 -26"><span class='ocrx_word' id='word_1_249' title='bbox 343 3253 486 3309; x_wconf 86' lang='lat' dir='ltr'>Hinc</span> <span class='ocrx_word' id='word_1_250' title='bbox 532 3254 672 3312; x_wconf 91' lang='lat' dir='ltr'>illud</span> <span class='ocrx_word' id='word_1_251' title='bbox 717 3255 924 3329; x_wconf 85' lang='lat' dir='ltr'>subiit,</span> <span class='ocrx_word' id='word_1_252' title='bbox 972 3274 1110 3315; x_wconf 89' lang='lat' dir='ltr'>auro</span> <span class='ocrx_word' id='word_1_253' title='bbox 1157 3275 1356 3315; x_wconf 87' lang='lat' dir='ltr'>sacras</span> <span class='ocrx_word' id='word_1_254' title='bbox 1402 3259 1557 3333; x_wconf 90' lang='lat' dir='ltr'>quod</span> <span class='ocrx_word' id='word_1_255' title='bbox 1602 3267 1774 3317; x_wconf 88' lang='lat' dir='ltr'>ovato</span> <span class='ocrx_word' id='word_1_256' title='bbox 2227 3271 2291 3323; x_wconf 79' lang='lat'>55</span> 
     </span>
     <span class='ocr_line' id='line_1_38' title="bbox 343 3330 1716 3402; baseline 0.009 -16"><span class='ocrx_word' id='word_1_257' title='bbox 343 3330 615 3388; x_wconf 85' lang='lat' dir='ltr'>Perducis</span> <span class='ocrx_word' id='word_1_258' title='bbox 660 3335 873 3402; x_wconf 80' lang='lat' dir='ltr'>facies;</span> <span class='ocrx_word' id='word_1_259' title='bbox 917 3354 1044 3394; x_wconf 87' lang='lat' dir='ltr'>nam</span> <span class='ocrx_word' id='word_1_260' title='bbox 1090 3337 1297 3396; x_wconf 82' lang='lat' dir='ltr'>fratres</span> <span class='ocrx_word' id='word_1_261' title='bbox 1344 3340 1493 3397; x_wconf 92' lang='lat' dir='ltr'>inter</span> <span class='ocrx_word' id='word_1_262' title='bbox 1537 3357 1716 3399; x_wconf 88' lang='lat' dir='ltr'>aenos</span> 
     </span>
    </p>
   </div>
   <div class='ocr_carea' id='block_1_4' title="bbox 345 3409 1680 3498">
    <p class='ocr_par' dir='ltr' id='par_1_4' title="bbox 345 3409 1680 3498">
     <span class='ocr_line' id='line_1_39' title="bbox 345 3409 1680 3498; baseline 0.015 -38"><span class='ocrx_word' id='word_1_263' title='bbox 345 3409 573 3466; x_wconf 90' lang='lat' dir='ltr'>Somnia</span> <span class='ocrx_word' id='word_1_264' title='bbox 617 3414 816 3486; x_wconf 87' lang='lat' dir='ltr'>pituita</span> <span class='ocrx_word' id='word_1_265' title='bbox 862 3419 955 3490; x_wconf 89' lang='lat' dir='ltr'>qui</span> <span class='ocrx_word' id='word_1_266' title='bbox 998 3410 1397 3494; x_wconf 81' lang='lat' dir='ltr'>purgatissima</span> <span class='ocrx_word' id='word_1_267' title='bbox 1441 3423 1680 3498; x_wconf 86' lang='lat' dir='ltr'>mittunt,</span> 
     </span>
    </p>
   </div>
  </div>
 </body>
</html>
