2409 3825
1112 96 1166 152 V

310 283 482 325 causa
501 310 520 343 .,
547 261 743 325 darent
766 261 879 323 late
905 260 1123 323 cladem
1144 281 1489 343 magnasque
1511 266 1714 329 ruinas.

308 367 420 409 nec
439 349 655 408 ratione
680 346 787 406 alia
807 344 1075 406 mortales
1106 364 1241 407 esse
1267 348 1557 426 videmur,

308 434 457 492 inter
475 449 583 492 nos
605 433 715 491 nisi
744 429 894 508 quod
919 430 1130 490 morbis
1154 433 1544 507 aegrescimus
1567 432 1716 494 idem

177 523 284 579 350
305 525 475 594 atque
499 514 583 575 illi
612 532 757 594 quos
780 532 812 573 a
833 515 945 572 vita
967 523 1161 573 natura
1190 516 1447 575 removit.

394 599 699 660 Praeterea
720 614 1110 677 quaecumque
1133 607 1358 658 manent
1380 608 1609 659 aeterna
1630 613 1936 663 necessust

309 692 436 760 aut,
461 684 591 760 quia
615 692 743 743 sunt
768 679 953 741 solido
980 698 1106 740 cum
1131 698 1378 760 corpore
1395 727 1414 759 ,
1438 701 1715 762 respuere
1740 687 1886 746 ictus

309 785 422 827 nec
440 774 744 844 penetrare
768 766 882 844 pati
906 765 1016 824 sibi
1039 765 1342 843 quicquam
1367 767 1519 844 quod
1547 777 1715 847 queat
1739 778 1886 830 artas

312 850 623 910 dissociare
646 851 794 910 intus
818 850 994 927 partis
1011 894 1030 926 ,
1056 856 1117 906 ut
1145 849 1396 908 materiai

179 941 287 995 355
314 950 558 1012 corpora
579 942 740 1009 sunt,
773 949 1007 1011 quorum
1030 941 1280 991 naturam
1305 933 1651 994 ostendimus
1677 945 1806 995 ante
1822 981 1841 1013 ‚

309 1026 404 1077 aut
424 1016 558 1076 ideo
581 1016 781 1076 durare
806 1025 1048 1075 aetatem
1067 1032 1248 1094 posse
1273 1033 1379 1094 per
1402 1033 1624 1077 omnem
1642 1064 1660 1095 ‚

308 1100 600 1178 plagarum
630 1102 759 1179 quia
781 1108 910 1161 sunt
933 1101 1191 1177 expertia
1208 1145 1226 1176 ,
1254 1101 1401 1160 sicut
1424 1102 1587 1160 inane
1614 1113 1738 1180 est,

308 1183 462 1262 quod
480 1193 668 1243 manet
692 1184 962 1243 intactum
988 1201 1179 1261 neque
1209 1184 1280 1242 ab
1305 1186 1422 1243 ictu
1446 1185 1698 1262 fungitur
1720 1186 1892 1246 hilum
1908 1233 1927 1267 ,

308 1276 403 1327 aut
426 1268 592 1327 etiam
617 1268 746 1346 quia
764 1265 917 1325 nulla
940 1265 1055 1326 loci
1080 1269 1138 1326 lit
1163 1270 1328 1345 copia
1359 1269 1569 1328 circum
1585 1315 1603 1346 ,

176 1359 287 1414 360
308 1368 422 1429 quo
447 1351 607 1429 quasi
630 1369 728 1411 res
753 1352 979 1429 possint
1000 1350 1301 1410 discedere
1331 1350 1683 1430 dissoluique
1701 1400 1718 1431 ‚

309 1437 458 1496 sicut
481 1452 813 1494 summarum
836 1450 1048 1494 summa
1075 1442 1166 1494 est
1191 1444 1455 1512 aeterna,
1483 1454 1672 1513 neque
1696 1448 1855 1497 extra

312 1520 407 1598 qui
432 1517 596 1578 locus
621 1528 712 1579 est
737 1536 849 1597 quo
874 1516 1185 1594 dissiliant,
1219 1537 1408 1597 neque
1432 1536 1675 1597 corpora
1699 1532 1829 1581 sunt
1854 1540 1998 1600 quae

308 1603 534 1681 possint
555 1601 807 1661 incidere
836 1610 896 1661 et
921 1599 1104 1661 valida
1128 1601 1450 1662 dissolvere
1473 1601 1659 1681 plaga.

309 1695 368 1746 at
385 1704 576 1764 neque
592 1731 611 1763 ,
638 1687 718 1745 uti
744 1684 943 1762 docui,
969 1683 1155 1745 solido
1179 1705 1307 1746 cum
1333 1703 1576 1764 corpore
1597 1688 1783 1747 mundi

173 1777 283 1832 365
309 1778 590 1847 naturast,
618 1770 875 1847 quoniam
897 1767 1254 1830 admixtumst
1275 1771 1331 1828 in
1351 1770 1524 1830 rebus
1548 1771 1742 1849 inane,

305 1872 419 1914 nec
442 1862 626 1914 tamen
651 1862 740 1914 est
769 1862 829 1913 ut
848 1853 1012 1913 inane
1027 1899 1045 1931 ,
1069 1871 1257 1932 neque
1285 1863 1471 1914 autem
1496 1871 1738 1935 corpora
1763 1855 2000 1935 desunt,

307 1956 387 1998 ex
406 1937 620 1997 infinito
644 1955 789 2016 quae
813 1940 1035 2016 possint
1064 1937 1214 1997 forte
1248 1949 1443 1999 coorta

306 2038 581 2082 corruere
605 2020 749 2081 hanc
771 2039 960 2080 rerum
981 2019 1236 2081 violento
1257 2022 1478 2081 turbine
1503 2040 1770 2082 summam

306 2113 403 2163 aut
425 2103 586 2164 aliam
614 2107 864 2183 quamvis
890 2103 1108 2165 cladem
1131 2107 1418 2183 inportare
1448 2106 1652 2184 pericli
1668 2152 1686 2183 ,

173 2195 283 2250 370
306 2207 421 2248 nec
445 2205 618 2267 porro
644 2198 839 2248 natura
863 2187 978 2248 loci
1000 2191 1356 2268 spatiumque
1385 2188 1647 2267 profundi

306 2272 502 2332 deficit
518 2318 537 2350 ,
564 2274 830 2351 exspargi
854 2290 966 2351 quo
992 2275 1215 2351 possint
1242 2276 1465 2332 moenia
1493 2274 1713 2352 mundi,

303 2365 400 2414 aut
423 2354 530 2415 alia
558 2357 753 2433 quavis
777 2366 1018 2435 possunt
1038 2358 1095 2416 vi
1127 2356 1291 2435 pulsa
1313 2358 1521 2435 perire.

303 2437 440 2498 haut
462 2439 634 2516 igitur
654 2438 755 2500 leti
777 2438 1074 2518 praeclusa
1097 2451 1187 2501 est
1210 2442 1369 2499 ianua
1396 2438 1557 2500 caelo

303 2540 418 2582 nec
440 2521 551 2583 soli
574 2531 875 2602 terraeque
897 2539 1085 2603 neque
1107 2523 1236 2584 altis
1258 2526 1523 2602 aequoris
1546 2524 1708 2584 undis
1725 2570 1743 2601 ,

170 2613 275 2668 375
302 2605 409 2666 sed
433 2614 590 2684 patet
611 2608 828 2666 immani
851 2617 909 2667 et
932 2616 1095 2667 vasto
1118 2616 1412 2685 respectat
1434 2606 1603 2666 hiatu.
1665 2645 1829 2669 ...-

306 2707 483 2768 quare
507 2691 674 2750 etiam
699 2692 882 2751 nativa
902 2700 1263 2751 necessumst
1288 2691 1595 2750 confiteare

303 2771 452 2833 haec
474 2773 702 2834 eadem:
732 2792 921 2853 neque
945 2776 1090 2834 enim
1105 2820 1123 2851 ,
1148 2773 1370 2834 mortali
1394 2790 1638 2852 corpore
1663 2791 1805 2852 quae
1830 2781 1994 2851 sunt,

307 2874 385 2916 ex
405 2856 620 2916 infinito
642 2858 749 2916 iam
771 2867 1030 2937 tempore
1052 2857 1235 2917 adhuc
1256 2858 1578 2936 potuissent

302 2940 546 3000 inmensi
565 2939 778 3000 validas
803 2942 928 3001 aevi
950 2949 1314 3002 contemnere
1338 2943 1510 3000 vires.

176 3030 284 3085 380
387 3022 652 3103 Denique
675 3031 971 3103 tantopere
992 3026 1139 3084 inter
1159 3045 1225 3086 se
1252 3043 1378 3084 cum
1399 3025 1634 3084 maxima
1654 3023 1843 3083 mundi

304 3116 564 3185 pugnent
584 3108 833 3167 membra
849 3154 867 3186 ,
893 3111 989 3187 pio
1016 3127 1367 3188 nequaquam
1398 3108 1620 3168 concita
1643 3105 1834 3185 bellu,

304 3207 494 3250 nonne
518 3189 681 3251 vides
706 3190 948 3271 aliquam
973 3191 1127 3268 longi
1151 3193 1472 3252 certaminis
1503 3190 1634 3252 ollis

302 3290 482 3351 posse
515 3273 631 3334 dari
658 3276 855 3352 finem,
879 3274 975 3335 vel
1003 3293 1126 3335 cum
1148 3275 1238 3335 sol
1263 3285 1321 3335 et
1350 3292 1529 3352 vapor
1552 3278 1731 3335 omnis

305 3357 564 3418 omnihus
593 3359 782 3437 epotis
805 3359 1092 3418 umoribus
1117 3361 1511 3437 exsuperarint
1528 3355 1557 3416 ’ἶ

2013 101 2135 167 135
