2409 3825
298 175 384 240 94
830 191 1032 238 xxm.
1109 190 1494 239 amman.
1544 186 1696 237 7—9.

298 323 717 409 vectigalibus
760 346 896 389 non
952 324 1160 390 solum
1216 327 1291 388 ut
1334 327 1500 389 esset
1589 325 1842 410 ecunia,
1900 349 2064 412 quae
2105 326 2232 393 Ro·

298 409 506 473 manis
552 429 626 472 ex
670 407 926 473 foedere
981 408 1396 493 penderetur,
1455 348 1584 473 sed)
1620 411 1814 474 etiam
1857 416 2231 496 superesset,

241 506 273 555 6
303 514 465 578 quae
493 493 564 557 in
603 493 849 567 aerario
879 498 1315 576 reponeretur.
1383 493 1609 557 deinde
1639 516 1810 559 anno
1841 499 1994 579 post
2101 518 2234 561 rae·

297 579 556 662 turam],
600 576 689 642 M.
724 576 990 643 Claudio
1033 576 1107 641 L.
1137 576 1335 642 Furio
1378 577 1765 663 consulibus,
1795 577 2008 644 Roma
2063 579 2235 666 egati

298 660 769 809 Karthaffiinem
811 665 1144 726 venerunt.
1229 653 1350 726 hos
1392 660 1722 726 Hannibal
1764 669 1940 728 ratus
1987 665 2089 729 sui
2133 686 2235 728 ex-

297 767 537 830 poscen
588 747 600 760 ’
648 745 857 830 gratia
899 746 1155 828 miSSOS,
1199 747 1574 829 priusquam
1628 747 1707 810 iis
1751 751 2013 812 senatus
2059 748 2235 813 dare·

299 835 437 914 tur,
482 851 712 894 navem
757 830 1043 895 ascendit
1085 830 1251 893 clam
1309 833 1501 976 atque
1544 831 1615 893 in
1669 829 1920 914 Syriam
1963 831 2044 895 ad
2101 835 2237 897 An·

243 926 274 975 7
305 914 594 979 tiochum
645 912 952 998 profugit.
1039 913 1162 977 hac
1203 935 1273 978 re
1310 913 1402 997 'pa
1427 936 1530 977 am
1572 913 1745 978 facta
1786 912 1993 979 Poeni
2036 937 2237 981 naves
2372 922 2373 941 ³

304 997 490 1081 duas,
548 1018 722 1081 quae>
766 1018 913 1061 eum
966 997 1612 1082 comprehenderent,
1667 999 1721 1062 si
1773 1002 2041 1082 possent
2080 1020 2236 1065 con·
2326 1080 2333 1089 Ι
2372 1016 2373 1063 f

296 1080 1178 1250 {effisssffifffissf.0233.‚
1202 1081 2152 1250 ‘issssuffiusssstfflnifidimmmm
2147 1218 2161 1233 .
2194 1107 2237 1149 ²

225 1250 266 1315 8
462 1251 555 1313 At
595 1248 924 1313 Hannibal
968 1270 1142 1314 anno
1186 1251 1416 1334 tertio,
1460 1254 1803 1335 postquam
1850 1251 2040 1316 domo
2082 1273 2233 1335 pro-

294 1333 581 1431 fugerat,
642 1333 716 1398 L.
774 1332 1072 1401 Cornelio
1131 1331 1207 1410 Q.
1264 1332 1550 1399 Minucio
1621 1335 2023 1420 consulibus,
2084 1357 2233 1401 cum

298 1439 581 1502 qumque
622 1418 895 1483 navibus
938 1418 1228 1483 Africam
1282 1418 1551 1483 accessit
1612 1419 1684 1483 in
1748 1419 1988 1485 finibus
2040 1418 2234 1504 Gyre-

294 1523 632 1586 naeorum,
706 1503 761 1566 si
822 1502 991 1567 iorte
1043 1502 1619 1588 Karthaginienses
1672 1502 1755 1567 ad
1808 1503 2053 1569 bellum
2093 1506 2236 1569 An·

293 1586 496 1652 tiochi
527 1608 638 1672 spe
667 1585 1023 1671 fiduciaque
1063 1586 1537 1670 inducerentur,
1583 1587 1687 1652 cui
1728 1587 1861 1652 iam
1900 1609 2236 1686 persuase-

295 1676 426 1755 rat,
478 1674 552 1735 ut
604 1692 750 1736 cum
806 1671 1185 1753 exercitibus
1244 1672 1317 1735 in
1378 1670 1632 1737 Italiam
1695 1668 2231 1755 profic1sceretur.

235 1768 267 1818 2
297 1756 425 1820 huc
466 1754 815 1841 Magonem
855 1754 1120 1820 fratrem
1151 1755 1401 1823 excivit.
1475 1755 1544 1819 id
1586 1755 1695 1819 ubi
1724 1755 1929 1820 Poeni
1958 1757 2233 1823 rescive-

293 1843 463 1924 runt,
508 1838 857 1925 Magonem
886 1840 1123 1924 eadem,
1169 1861 1299 1925 qua
1338 1839 1604 1904 fratrem
1617 1890 1635 1924 ,
1680 1841 2012 1906 absentem
2056 1840 2232 1922 adfe-

294 1928 520 1989 cerunt
566 1945 793 2008 poena.
881 1925 991 1989 illi·
1037 1925 1382 2008 desperatis
1437 1927 1627 1990 rebus
1680 1945 1829 1989 cum
1883 1925 2236 1991 solvissent

290 2029 490 2074 naves
532 2029 607 2073 ac
649 2008 794 2073 vela
834 2009 1044 2074 ventis
1090 2008 1439 2093 dedissent,
1492 2002 1821 2073 Hanm'b'al
1870 2009 1952 2074 ad
1994 2011 2232 2076 Antio-

293 2093 486 2158 chum
528 2094 838 2177 pervenit.
916 2094 991 2158 de
1021 2092 1322 2179 Magonis
1348 2094 1617 2158 interitu
1647 2093 1883 2177 duplex
1910 2095 2232 2160 memoria

291 2177 547 2260 prodita
600 2182 726 2241 est:
792 2197 1070 2262 namque
1126 2177 1239 2241 alii
1291 2198 1378 2242 na
1573 2178 1631 2243 'o
1717 2177 1829 2241 alii
1870 2197 1911 2242 a
1953 2178 2232 2244 servulis

232 2272 265 2322 8
294 2260 495 2343 ipsius
533 2260 945 2324 interfectum
996 2281 1146 2326 eum
1202 2263 1512 2347 scriptum
1566 2283 1634 2326 re
1666 2261 1680 2276 ⁰
1729 2265 1981 2327 uerunt.
2088 2264 2230 2328 An·

290 2343 545 2407 tiochus
600 2347 844 2426 autem,
914 2344 968 2408 si
1024 2348 1159 2409 tam
1217 2346 1289 2409 in
1353 2345 1632 2431 gerendo
1743 2346 1868 2410 ello
1933 2346 2230 2424 consiliis

292 2427 428 2492 eius
456 2448 680 2530 parere
709 2426 1035 2513 voluisset,
1122 2451 1273 2493 uam
1301 2430 1374 2494 in
1403 2428 1805 2514 suscipiendo
1834 2429 2226 2529 instituerat,

288 2507 817 2598 propquTiberi
861 2535 1053 2598 quam
1079 2451 1529 2599 hermopylis
1575 2513 1652 2578 de
1689 2535 1938 2578 summa
1967 2514 2139 2599 impe
2183 2515 2229 2579 ἰ

294 2596 672 2662 dimicasset.
804 2618 950 2662 uem
1006 2597 1124 2662 etsi
1166 2599 1373 2663 multa
1415 2598 1610 2663 stulte
1663 2597 1879 2662 conari
1937 2597 2220 2682 videbat,

229 2691 266 2741 4
291 2686 511 2747 tamen
550 2681 734 2745 nulla
806 2680 1042 2747 eseruit
1081 2682 1152 2744 in
1194 2703 1284 2751 re.
1357 2682 1639 2766 praefuit
1675 2681 1898 2766 paucis
1925 2682 2225 2768 navibus,

289 2787 591 2914 3323532
616 2764 1639 2916 ῗιῖῗῖῑὲἳὲἶῖῗὲἶξέἱΐὲἰΐ
1659 2765 2230 2916 ὴᾱῗῑῗῖεέἰέζῗ

287 2934 473 3003 flixit.
546 2954 674 3018 quo
719 2954 865 3023 cp-m
907 2934 1319 2998 multitudine
1348 2871 1858 2999 advemai'ioium
1901 2934 2002 3026 sui
2037 2956 2226 3033 supe-

286 3021 613 3101 rarentur,
654 3017 679 3081 i
727 3038 824 3101 se,
869 3039 997 3103 quo
1042 3039 1245 3084 cornu
1287 3039 1422 3083 rem
1513 3019 1694 3101 essit,
1738 3017 1868 3084 fuit
1908 3039 2222 3103 superior.

216 3097 258 3160 9
455 3101 695 3166 Antioc
745 3122 783 3166 o
820 3102 1066 3188 fugato,
1111 3121 1339 3167 verens
1362 3123 1451 3168 ne
1522 3102 1833 3185 ederetur,
1877 3101 2052 3187 quod
2080 3103 2224 3168 sine
2360 3175 2375 3186 .

289 3180 482 3246 dubio
527 3184 887 3268 accidisset,
940 3186 996 3249 si
1050 3186 1151 3250 sui
1193 3186 1453 3251 fecisset
1498 3190 1914 3271 potestatem,
1961 3184 2222 3253 Cretam

289 3261 370 3321 ad
412 3261 760 3345 Gortynios
803 3268 1011 3350 venit,
1055 3273 1130 3333 ut
1170 3269 1293 3353 ibi,
1349 3290 1479 3354 quo
1536 3290 1604 3334 se
1660 3269 2011 3354 conferret,
2070 3291 2223 3336 con-

228 3348 263 3396 2
293 3340 617 3408 sideraret.
702 3347 865 3412 vidit
906 3354 1122 3415 autem
1174 3353 1276 3415 vir
1325 3352 1613 3418 omnium
1657 3352 2106 3418 callidissimus
2150 3355 2223 3420 in

287 3438 526 3504 magno
555 3443 624 3487 se
651 3425 792 3492 fore
821 3431 1126 3517 pericu10,
1168 3435 1299 3499 nisi
1328 3436 1481 3520 quid
1508 3436 1916 3522 providisset,
1950 3441 2224 3525 propter

2374 1914 2378 2080 ι
