2409 3825
237 182 328 250 40
551 274 554 275 f
1212 174 1266 236 ιι

282 357 386 415 335
413 346 684 428 percipe,
708 343 1033 422 multigenis
1059 361 1222 423 quam
1249 347 1360 405 sint
1379 345 1589 405 variata
1619 343 1844 424 figuris3

411 449 525 492 non
557 447 670 529 quo
690 428 861 487 multa
884 442 1078 505 parum
1099 426 1271 488 simili
1296 431 1407 489 sint
1434 428 1688 507 praedita
1709 430 1887 490 forma
1903 476 1922 508 ,

411 514 517 576 sed
541 515 669 592 quia
690 529 803 572 non
825 510 1000 588 volgo
1024 513 1179 588 paria
1205 512 1463 572 omnibus
1489 515 1673 572 omnia
1701 521 1988 575 constent.

411 617 521 660 nec
542 599 766 659 mirum:
796 614 918 654 nam
947 612 1072 652 cum
1094 596 1166 654 sit
1192 612 1390 655 eorum
1414 594 1580 674 copia
1601 604 1784 673 tanta,

412 692 470 742 ut
495 699 682 761 neque
709 680 866 755 finis,
899 680 976 737 uti
1000 677 1168 737 docui
1184 698 1418 759 ‚neque
1442 694 1655 740 summa
1680 682 1754 740 sit
1776 679 1919 771 nlla,

283 776 385 832 340
408 766 654 840 debent,
678 765 966 837 nimirum,
998 779 1111 821 non
1137 764 1393 823 omnibus
1421 764 1601 823 omnia
1624 764 1885 856 prorsum

410 868 544 910 esse
572 849 690 925 pari
717 846 810 905 filo
840 843 1120 925 similique
1148 845 1373 906 adfecta
1395 846 1590 925 figura.

411 933 719 1013 parturiunt
744 948 926 1007 genus
954 929 1249 989 humanum
1274 940 1575 1009 mutaeque
1596 939 1851 989 natantes

412 1017 829 1094 squamigerum
854 1011 1109 1092 pecudes
1140 1022 1198 1073 et
1221 1012 1370 1073 laeta
1390 1022 1635 1072 armenta
1657 1012 1963 1093 feraeque,

412 1110 469 1160 et
496 1101 682 1158 variae
704 1095 1007 1175 volucrc8‚
1033 1094 1296 1157 laetantia
1325 1115 1470 1176 quae
1496 1096 1628 1156 loca
1653 1114 1916 1174 aquarum

282 1194 383 1247 345
414 1181 817 1244 concelebrant
843 1182 1053 1239 circum
1073 1183 1226 1259 ripas
1251 1181 1537 1259 fontisque
1561 1179 1835 1258 lacusque
1850 1226 1867 1256 ‚

410 1278 481 1328 et
499 1283 643 1344 quae
672 1264 1010 1343 pervolgant
1035 1282 1267 1324 nemora
1294 1267 1415 1324 avia
1439 1263 1873 1343 pervolitantes:

412 1367 647 1431 quorum
677 1367 844 1407 unum
869 1346 1087 1427 quidvis
1110 1350 1420 1426 generatim
1446 1366 1671 1408 sumere
1697 1365 1908 1425 perge:

410 1435 664 1494 invenies
688 1442 872 1492 tamen
895 1434 1042 1491 inter
1064 1451 1128 1492 se
1156 1432 1385 1491 dfflerre
1408 1431 1621 1510 figuris.

409 1536 518 1578 nec
542 1519 758 1576 ratione
781 1515 887 1576 alia
909 1515 1104 1594 proles
1134 1530 1494 1594 cognoscere
1517 1524 1749 1575 matrem

280 1614 384 1665 35o
407 1621 516 1662 nec
537 1610 716 1660 mater
735 1609 936 1678 posset
959 1597 1210 1678 prolem,
1196 1622 1210 1635 ·
1235 1598 1386 1679 quod
1409 1616 1586 1678 posse
1610 1597 1864 1658 videmus
1883 1643 1900 1676 ,

344 1754 351 1759 ,
413 1705 522 1746 nec
545 1687 725 1744 minus
749 1693 917 1762 atque
943 1683 1198 1743 homines
1225 1684 1373 1742 inter
1391 1701 1459 1742 se
1481 1693 1614 1742 nota
1640 1680 1852 1742 cluere.

307 1754 536 1829 “‘nam
559 1787 736 1847 saepe
764 1777 892 1826 ante
921 1767 1087 1826 deum
1109 1765 1317 1826 vitulus
1343 1762 1576 1826 delubra
1603 1766 1812 1826 decora

411 1838 1004 1951 ιιιιίοιειιιπῇῖᾷριθι·
1025 1851 1299 1912 mactatus
1332 1846 1606 1910 concidit
1607 1853 1730 1909 aras
1747 1894 1764 1926 ,

411 1938 698 2014 sanguinis
729 1938 989 2013 expirans
1016 1935 1255 1995 calidum
1282 1934 1354 1995 de
1381 1943 1625 2014 pectore
1648 1933 1891 1993 flumen:

281 2032 383 2085 355
410 2033 465 2083 at
486 2030 665 2080 mater
686 2018 877 2078 viridis
905 2018 1081 2079 saltus
1111 2020 1306 2079 orbata
1333 2035 1642 2098 peragrans

410 2106 597 2165 noscit
623 2103 772 2163 humi
798 2102 1040 2181 pedibus
1067 2104 1311 2180 vestigia
1334 2119 1537 2181 pressa
1562 2099 1797 2161 bisulcis
1817 2147 1835 2178 ,

411 2190 590 2249 omnia
616 2188 916 2246 convisens
939 2187 1120 2247 oculis
1143 2185 1272 2245 loca
1288 2232 1307 2263 ‚
1333 2188 1382 2246 si
1408 2193 1577 2266 queat
1597 2201 1832 2263 usquam

411 2274 750 2351 conspicere
773 2272 1035 2330 amissum
1054 2269 1232 2331 ‘fetum
1249 2316 1266 2347 ‚
1295 2268 1660 2348 completque
1685 2266 1958 2347 querellis
2063 2269 2070 2274 '

411 2354 780 2417 frondiferum
801 2371 998 2414 nemus
1028 2353 1275 2414 adsiduis
1292 2400 1309 2431 ‚
1336 2363 1394 2413 et
1423 2352 1625 2412 crebra
1643 2354 1841 2413 revisit

279 2451 385 2507 360
410 2442 478 2501 ad
505 2431 783 2501 stabulum
799 2484 816 2516 ‚
842 2438 1129 2498 desiderio
1158 2437 1373 2517 perfixa
1393 2438 1620 2498 iuvenci
1636 2482 1653 2513 ‚

408 2543 518 2584 nec
538 2535 772 2584 tenerae
797 2521 1005 2582 salices
1029 2531 1199 2601 atque
1223 2521 1434 2581 herbae
1456 2536 1588 2582 rore
1617 2519 1882 2597 vigentes

411 2609 746 2686 fluminaque
773 2604 869 2665 illa
898 2615 1112 2684 queunt
1133 2607 1361 2666 summis
1382 2601 1628 2668 labentia
1643 2604 1783 2682 ripis

409 2692 701 2752 oblectare
729 2692 967 2749 animum
997 2689 1335 2768 dubiamque
1357 2698 1621 2764 avertere
1644 2705 1865 2764 curam,

409 2794 519 2836 nec
544 2774 843 2835 vitulorum
865 2771 1007 2833 aliae
1038 2776 1271 2853 species
1294 2790 1402 2854 per
1421 2769 1626 2852 pabuia
1646 2769 1795 2830 laeta

280 2869 382 2923 365
412 2860 667 2919 derivare
695 2867 907 2937 queunt
937 2861 1174 2916 animum
1199 2874 1447 2935 curaque
1475 2856 1698 2915 levare:

410 2961 594 3021 usque
620 2942 765 3001 adeo
789 2937 1048 3019 quiddam
1070 2942 1361 3021 proprium
1381 2950 1689 3019 notumque
1710 2939 1967 3017 reqmrit.

408 3037 706 3106 praeterea
734 3027 916 3085 teneri
946 3024 1200 3086 tremulis
1232 3042 1358 3084 cum
1379 3023 1620 3084 vocibus
1645 3022 1811 3084 haedi

411 3112 740 3186 cornigeras
764 3117 968 3170 norunt
987 3119 1195 3169 matres
1215 3155 1232 3186 ‚
1261 3109 1506 3190 agnique
1534 3106 1752 3187 petulci

411 3192 688 3252 balantum
713 3192 997 3268 pecudes:
1020 3195 1127 3270 ita,
1153 3193 1306 3272 quod
1329 3199 1524 3252 natura
1552 3193 1811 3270 reposo-it
1827 3236 1846 3268 ‚

278 3282 387 3335 370
409 3275 478 3333 ad
502 3292 602 3334 sua
626 3276 867 3356 quisque
889 3273 1014 3334 fere
1038 3276 1344 3338 decurrunt
1365 3276 1540 3336 ubera
1560 3273 1743 3335 lactis.

409 3365 700 3434 postremo
724 3356 963 3433 quodvis
986 3357 1323 3419 frumentum
1350 3376 1463 3420 non
1484 3368 1670 3417 tamen
1694 3376 1861 3417 omne

408 3438 617 3515 quique
641 3455 748 3497 suo
771 3456 987 3514 genere
1011 3442 1159 3500 inter
1178 3460 1246 3501 se
1269 3435 1450 3503 simile
1476 3458 1610 3500 esse
1636 3441 1858 3501 videbis
1873 3486 1894 3518 ,
