2409 3825
1080 184 1133 243 v
1602 133 1606 139 ’
1979 185 2101 250 157

267 370 379 411 nec
402 359 665 431 poterant
688 352 896 431 quibus
915 349 973 410 id
997 351 1158 411 fieret
1182 368 1544 429 cog-noscere
1576 354 1795 414 causis:

267 452 411 512 ergo
434 435 761 514 perfugium
783 436 890 497 sibi
919 433 1207 495 habebant
1234 438 1418 496 omnia
1441 437 1585 497 divis

89 529 234 583 1185
265 519 495 580 tradere
518 529 575 580 et
602 519 828 579 illorum
851 529 986 580 nutu
1012 517 1209 579 facere
1232 522 1416 580 omnia
1437 519 1609 580 flecti.

265 604 321 661 in
353 601 631 681 caeloque
657 604 822 663 deum
844 602 1018 663 sedes
1047 612 1106 663 et
1134 602 1350 680 templa
1380 603 1669 680 locarunt,

265 705 374 765 per
399 685 620 746 caelum
640 686 796 746 volvi
819 688 949 764 quia
968 685 1067 745 lux
1089 695 1148 745 et
1175 685 1306 746 luna
1327 687 1553 747 videtur
1567 732 1587 763 ‚

265 770 429 846 luna,
455 770 611 848 dies,
644 780 702 831 et
725 789 874 848 nox,
905 779 964 831 et
991 771 1177 830 noctis
1201 773 1362 848 sig-na
1384 789 1588 831 serena
1604 817 1622 847 ‚

260 856 715 932 noctivagaeque
739 855 900 915 faces
931 848 1110 929 caeli,
1136 852 1507 932 flammaeque
1535 855 1830 932 volante5‚

84 947 233 1002 1190
263 937 490 1015 nubila,
516 937 605 999 sol
621 983 641 1014 ‚
669 939 882 999 imbres
898 983 916 1014 ‚
942 939 1070 1013 nix,
1096 939 1285 1014 venti,
1311 937 1541 999 fulmina
1559 939 1815 1016 ‚grando
1832 984 1850 1015 ‚

263 1031 322 1082 et
341 1021 521 1099 rapidi
544 1021 802 1083 fremitus
819 1068 838 1099 ,
864 1030 923 1081 et
951 1038 1231 1080 murmura
1252 1039 1451 1098 magna
1478 1024 1763 1083 minarum.

351 1104 398 1164 Ο
422 1123 606 1182 genus
636 1105 836 1166 infelix
856 1104 1152 1163 humanum
1169 1151 1188 1181 ,
1216 1103 1345 1164 talia
1371 1105 1513 1166 divis

264 1184 395 1249 c'um
416 1189 612 1249 tribuit
641 1189 790 1250 facta
810 1198 985 1267 atque
1006 1190 1117 1249 iras
1142 1186 1393 1248 adiunxit
1414 1190 1685 1251 acerbas!

260 1282 503 1350 quantos
526 1283 642 1333 tum
663 1275 909 1350 gemitus
939 1273 1049 1348 ipsi
1079 1272 1189 1334 sibi
1207 1317 1228 1349 ‚
1253 1281 1570 1351 quantaque
1601 1275 1767 1334 nobis

78 1365 227 1420 1195
256 1356 528 1433 volnera,
554 1375 693 1434 quas
721 1356 982 1417 lacrimas
1011 1373 1298 1434 peperere
1329 1357 1622 1416 minoribu’
1646 1357 1884 1418 nostris!

259 1459 372 1500 nec
393 1442 574 1533 pietas
606 1439 775 1501 ullast
796 1438 1044 1499 velatum
1074 1458 1252 1518 saepe
1275 1440 1455 1499 videri

255 1508 475 1583 vertier
495 1523 566 1583 ad
593 1522 840 1602 lapidem
867 1532 1038 1600 atque
1061 1526 1244 1584 omnis
1263 1524 1548 1585 accedere
1576 1525 1647 1585 ad
1668 1543 1792 1586 aras
1809 1571 1827 1602 .,

260 1625 375 1667 nec
406 1609 783 1685 procumbere
804 1606 956 1666 humi
985 1616 1329 1685 prostratum
1357 1617 1417 1667 et
1442 1608 1690 1685 pandere
1715 1607 1927 1687 palmas

256 1701 390 1752 ante
416 1691 583 1751 deum
604 1689 872 1767 delubra,
897 1709 1007 1750 nec
1034 1709 1160 1751 aras
1182 1693 1457 1767 sanguine
1485 1690 1664 1750 multo

17 1822 22 1853 e
76 1788 227 1840 1200
260 1793 542 1854 spargere
565 1774 988 1854 quadrupedum
1005 1819 1023 1852 ‚
1048 1792 1159 1835 nec
1181 1776 1333 1835 votis
1356 1784 1595 1835 nectere
1626 1786 1756 1836 vota
1773 1821 1791 1852 ‚

258 1859 370 1921 sed
389 1876 553 1938 mage
580 1869 781 1938 pacata
802 1875 978 1937 posse
1011 1859 1193 1920 omnia
1222 1869 1412 1926 mente
1439 1861 1604 1921 tueri.

256 1961 390 2003 nam
414 1962 539 2003 cum
560 1945 902 2022 suspicimus
930 1945 1117 2022 magni
1140 1942 1414 2004 caelestia
1436 1944 1624 2004 mundi

255 2026 474 2105 templa
489 2073 508 2105 ‚
534 2031 710 2106 super
731 2027 1033 2104 stellisque
1054 2028 1391 2089 micantibus
1414 2029 1648 2089 aethera
1674 2029 1842 2088 fixum
1857 2072 1875 2106 ‚

260 2122 324 2171 et
345 2113 503 2171 venit
524 2112 580 2170 in
600 2120 850 2171 mentem
878 2111 1018 2172 solis
1042 2110 1325 2189 lunaeque
1347 2113 1560 2173 viarum
1577 2158 1596 2190 ‚

74 2207 223 2261 1205
259 2205 402 2255 tunc
429 2195 553 2255 aliis
575 2213 855 2274 oppressa
876 2194 1079 2255 malis
1060 2214 1118 2254 m
1146 2205 1386 2274 pectora
1411 2215 1545 2257 cura

258 2279 362 2339 illa
383 2295 612 2363 quoque
638 2278 1112 2358 expergefactum
1141 2290 1311 2357 caput
1339 2282 1567 2359 erigere
1590 2281 1743 2356 infit,

258 2382 339 2423 ne
370 2380 515 2442 quae
537 2362 687 2423 forte
717 2363 885 2423 deum
908 2363 1121 2424 nobis·
1104 2382 1356 2425 inmensa
1381 2375 1639 2444 potestas

262 2450 373 2524 sit,
403 2448 559 2508 vario
581 2456 736 2506 motu
760 2465 906 2525 quae
934 2445 1168 2507 candida
1190 2446 1375 2508 sidera
1396 2460 1618 2509 verset:

257 2540 503 2608 temptat
526 2532 674 2592 enim
701 2532 925 2591 dubiam
944 2542 1190 2592 mentem
1217 2534 1448 2594 rationis
1470 2542 1700 2610 egestas
1716 2576 1733 2609 ‚

75 2627 232 2681 1210
259 2633 610 2693 ecquaenam
640 2616 810 2675 fuerit
831 2614 1303 2693 mundi'genitalis
1328 2618 1492 2693 origo
1508 2661 1526 2692 ,

261 2708 324 2760 et
354 2698 519 2759 simul
539 2717 758 2779 ecquae
789 2701 860 2760 sit
885 2701 1041 2777 linis,
1074 2699 1260 2777 quoad
1285 2701 1506 2759 moenia
1534 2697 1720 2759 mundi

262 2781 500 2845 solliciti
513 2793 703 2844 motus
726 2782 877 2843 hunc
901 2785 1122 2862 possint
1146 2783 1300 2843 ferre
1321 2782 1574 2843 laborem
1595 2828 1612 2859 ‚

260 2886 337 2928 an
360 2866 624 2927 divinitus
645 2877 876 2928 aeterna
899 2868 1100 2928 donata
1129 2866 1313 2927 salute

265 2960 550 3029 perpetuo
575 2953 796 3029 possint
814 2953 942 3011 aevi
972 2950 1215 3011 labentia
1242 2961 1425 3011 tractu

75 3047 230 3103 1215
264 3037 506 3096 inmensi
528 3034 743 3095 validas
760 3036 888 3095 aevi
912 3043 1278 3095 contemnere
1298 3036 1454 3096 viris.

262 3128 565 3196 praeterea
590 3121 680 3180 cui
700 3136 814 3178 non
841 3120 1057 3178 animus
1085 3117 1379 3178 formidine
1405 3118 1589 3179 divum

263 3202 647 3280 contrahitur,
673 3204 764 3263 cui
785 3220 898 3262 non
922 3212 1230 3280 correpunt
1254 3204 1503 3263 membra
1529 3219 1741 3280 pavore
1760 3248 1779 3280 ‚

157 3347 168 3352 ,
260 3285 514 3347 fulminis
542 3285 795 3346 horribili
828 3305 954 3348 eum
976 3286 1144 3364 plaga
1166 3284 1376 3346 torrida
1396 3285 1568 3346 tellus

263 3371 571 3431 contremit
593 3380 652 3431 et
672 3389 935 3448 magnum
964 3379 1302 3447 percurrunt
1329 3387 1604 3428 murmura
1637 3366 1901 3429 caelum?

73 3467 227 3522 1220
253 3471 372 3515 non
396 3453 594 3532 populi
616 3464 937 3532 gentesque
962 3463 1243 3531 tremunt,
1268 3470 1557 3530 regesque
1580 3453 1812 3529 superbi

16 576 40 631 Ι
