2409 3825
3 1050 19 1081 ὃ

3 1632 18 1681 ἰ

1078 131 1103 191 1

84 315 224 369 1050
250 313 309 362 et
333 313 520 362 tamen
543 309 606 360 ut
628 298 832 378 plagae
858 314 1087 378 quoque
1110 302 1334 379 possint
1358 311 1669 379 suppetere
1693 304 1884 381 ipsae,

254 388 465 446 infinita
487 401 637 463 opus
660 393 751 444 est
771 384 859 443 vis
884 383 1129 462 undique
1153 386 1423 444 materiai.
1517 438 1524 443 .

341 469 489 530 Illud
514 471 568 528 in
591 468 680 528 his
704 468 876 528 rebus
898 467 1072 545 longe
1094 468 1238 546 fuge
1262 469 1502 529 credere
1520 515 1537 546 ‚
1564 468 1824 548 Memmi,

256 558 315 614 in
334 554 582 614 medium
606 570 857 613 summae
886 552 1037 631 quod
1061 553 1255 613 dicunt
1281 555 1464 613 omnia
1484 556 1583 613 niti
1600 600 1616 630 ‚

253 649 424 717 atque
446 637 580 697 ideo
604 635 794 696 mundi
814 645 1064 696 naturam
1085 647 1237 697 stare
1260 638 1385 699 sine
1411 636 1543 698 ullis

81 735 224 787 1055
256 724 465 784 ictibus
490 722 744 783 externis
773 739 962 801 neque
986 738 1269 801 quoquam
1292 738 1468 801 posse
1493 722 1710 784 resolvi

259 825 475 867 summa
507 815 679 883 atque
701 806 810 864 ima
826 850 843 881 ‚
870 805 1022 884 quod
1044 807 1103 865 in
1125 805 1369 865 medium
1392 808 1503 866 sint
1525 808 1708 867 omnia
1730 810 1856 867 nixa
1869 829 1885 876 ;

257 895 443 970 ipsum
465 892 518 952 si
540 892 839 968 quicquam
861 905 1039 968 posse
1065 891 1122 950 in
1145 910 1212 950 se
1235 892 1441 951 sistere
1467 891 1653 951 credis
1668 938 1685 969 ‚

260 985 320 1035 et
341 993 489 1054 quae
516 973 767 1053 pondera
790 983 918 1034 sunt
942 974 1053 1040 sub,
1072 976 1241 1034 terris
1266 976 1447 1034 omnia
1470 994 1691 1036 sursum

257 1062 426 1120 nitier
444 1061 503 1119 in
527 1066 794 1136 terraque
816 1067 973 1117 retro
1001 1061 1378 1137 requiescere
1401 1069 1584 1137 posta.

80 1155 226 1208 1060
257 1153 320 1204 ut
341 1162 448 1222 per
470 1160 645 1222 aquas
670 1160 816 1221 quae
839 1161 989 1225 nunc
1011 1161 1198 1203 rerum
1224 1143 1523 1203 simulacra
1545 1145 1800 1205 videmus
1820 1188 1840 1222 ‚

260 1227 498 1289 adsimili
522 1227 740 1286 ratione
762 1226 1016 1286 animalia
1040 1245 1222 1307 suppa
1246 1230 1436 1304 vagari

261 1311 642 1387 contendunt,
667 1329 856 1389 neque
879 1328 1057 1390 posse
1084 1332 1117 1373 e
1139 1314 1307 1373 terris
1330 1314 1386 1370 in
1408 1311 1538 1372 loca
1569 1311 1713 1372 caeli

255 1396 559 1456 reccidere
580 1394 849 1454 inferiora
873 1397 1050 1474 magis
1075 1412 1505 1476 quamaeorpora
1526 1406 1718 1457 nostra

258 1490 467 1559 sponte
493 1498 595 1540 sua
615 1480 838 1559 possint
858 1480 1084 1549 incaeli
1106 1480 1320 1559 templa
1341 1480 1535 1541 volare

79 1575 224 1629 1065
255 1565 340 1625 illi
366 1583 494 1625 cum
516 1564 744 1623 videant
765 1562 982 1641 solem,
1007 1583 1112 1626 nos
1133 1564 1323 1625 sidera
1345 1568 1530 1625 noctis

259 1667 506 1709 cernere
523 1694 540 1724 ‚
565 1658 624 1708 et
649 1646 883 1707 alternis
907 1649 1204 1709 nobiscum
1229 1659 1487 1727 tempora
1512 1647 1657 1708 caeli

256 1733 514 1793 dividere
536 1740 596 1792 et
617 1739 822 1792 noctes
846 1730 1039 1809 parilis
1060 1735 1277 1812 agitare
1302 1731 1521 1794 diebus.

256 1817 364 1879 sed
384 1835 563 1876 vanus
588 1814 811 1876 stolidis
832 1814 978 1876 haec

256 1901 504 1982 amplexi
528 1898 681 1980 quod
702 1899 912 1960 habent
935 1918 1078 1981 perv

4 1965 9 1982 ι
79 1996 225 2050 1070
253 2004 383 2045 nam
405 1985 652 2045 medium
674 1983 750 2043 nil
779 2004 914 2045 esse
942 1994 1136 2063 potest

3 2411 21 2450 φ.

255 2072 488 2131 inflnita.
513 2087 702 2149 neque
726 2070 950 2128 omnino
966 2114 984 2146 ‚
1010 2070 1058 2129 si
1082 2071 1190 2128 iam
1212 2069 1477 2132 medium
1495 2070 1608 2145 sit,

256 2156 445 2234 possit
467 2154 547 2212 ibi
571 2155 873 2231 quicquam
895 2154 1215 2214 consistere

258 2257 427 2317 quam
452 2236 779 2316 quavis·alia
802 2236 976 2315 longe
1007 2239 1224 2297 ratione

256 2323 442 2382 omnis
467 2323 615 2381 enim
636 2322 804 2382 locus
827 2339 895 2381 ac
918 2323 1160 2400 spatium
1179 2366 1198 2398 ,
1227 2321 1378 2399 quod
1404 2323 1581 2382 inane
1601 2340 1925 2401 voc-amm,

72 2415 221 2472 1075
257 2425 366 2486 per
385 2405 632 2465 medium
648 2452 665 2483 ‚
693 2424 800 2485 per
822 2422 934 2465 non
954 2406 1196 2466 medium
1212 2451 1231 2483 ,
1271 2405 1595 2467 concedere
1617 2408 1796 2469 debet

255 2507 446 2569 aeque
467 2490 818 2568 ponderibus
841 2535 860 2567 ,
882 2500 1071 2551 motus
1095 2508 1202 2568 qua
1228 2508 1468 2568 cumque
1492 2489 1764 2552 feruntur.

255 2593 372 2637 nec
398 2575 695 2653 quisquam
716 2573 883 2635 locus
907 2585 1032 2651 est,
1059 2591 1171 2653 quo
1196 2589 1441 2652 corpora
1464 2592 1591 2634 cum
1615 2584 1927 2652 venerunt,

255 2658 537 2740 ponderis
559 2660 764 2719 amissa
782 2659 840 2718 vi
861 2660 1085 2737 possint
1106 2669 1258 2719 stare
1281 2658 1337 2716 in
1359 2659 1533 2717 inani:

253 2763 369 2804 nec
393 2741 548 2823 quod
572 2744 735 2804 inane
759 2751 947 2802 autem
965 2752 1057 2804 est
1087 2741 1186 2802 ulli
1216 2741 1534 2803 subsistere
1559 2742 1765 2820 debet,

67 2839 225 2893 1080
259 2829 395 2908 quin
410 2874 430 2906 ‚
454 2846 559 2889 sua
588 2827 741 2906 quod
763 2836 956 2887 natura
979 2829 1158 2907 petit,
1186 2826 1510 2887 concedere
1533 2835 1754 2906 pergat.

254 2911 405 2973 haud
425 2912 599 2989 igitur
618 2921 862 2991 possunt
883 2911 980 2972 tali
1003 2913 1219 2971 ratione
1243 2912 1425 2970 teneri

255 2998 432 3057 resin
457 2996 764 3056 concilium
784 2996 953 3057 medii
978 2995 1300 3075 cuppedine
1325 2998 1566 3055 vinctae.

340 3079 647 3140 Praeterea
670 3082 932 3159 quoniam
956 3097 1068 3140 non
1091 3082 1275 3140 omnia
1301 3096 1541 3158 corpora
1565 3080 1778 3158 fingunt

251 3167 311 3224 in
333 3165 578 3225 medinm
601 3166 735 3242 niti,
763 3164 869 3225 sed
896 3175 1168 3225 terrarum
1188 3173 1360 3244 atque
1383 3163 1619 3241 liquoris
1635 3209 1653 3241 ‚

74 3258 218 3313 1086
255 3257 320 3309 et
343 3250 505 3328 quasi
525 3258 761 3309 terreno
786 3267 931 3328 quae
962 3266 1209 3328 corpore
1233 3249 1655 3325 contineantur,

252 3350 513 3393 umorem
536 3334 697 3411 ponti
721 3350 1068 3410 magnasque
1090 3352 1124 3392 e
1147 3332 1430 3392 montibus
1456 3330 1631 3390 undas
1649 3375 1667 3407 ‚

249 3426 312 3477 at
333 3424 530 3477 contra
550 3417 739 3476 tenuis
763 3423 1052 3495 exponunt
1076 3417 1225 3476 aeris
1249 3432 1410 3475 auras

2013 137 2098 198 29
