2409 3825
133 155 362 223 mur]
972 153 1203 210 mesa.
1965 145 2058 213 49

134 316 301 392 Quae
344 317 520 399 prius
564 315 635 380 in
677 314 803 379 levi
845 314 1100 379 fuerant
1143 316 1424 379 extantia
1464 315 1603 380 filo:

132 402 296 464 Ante
337 400 530 483 pedes
575 402 785 463 autem
829 399 1156 464 candentis
1200 400 1421 463 mollia
1463 400 1648 464 lanae

132 484 379 548 Vellera
419 484 652 569 virgati
696 482 1104 547 custodibant
1145 484 1491 548 calathisci.

130 568 302 631 Haec
342 571 480 632 tum
528 569 842 632 clarisona
882 571 1207 650 pectentes
1251 568 1487 632 vellera
1528 588 1684 632 voce
1950 580 2056 628 320

131 651 306 715 Talia
348 651 561 715 divino
605 651 906 715 fuderunt
949 651 1227 716 carmine
1270 652 1430 735 fata,

27 760 33 768 ⁴
129 735 449 819 Carmine,
493 735 791 820 perfidiae
838 736 1007 818 quod
1047 739 1196 819 post
1237 737 1414 800 nulla
1454 739 1681 820 arguet
1723 737 1913 799 aetas.

131 853 185 918 Ο
231 853 417 918 decus
463 854 760 917 eximium
805 853 1058 936 magnis
1101 852 1442 917 virtutibus
1486 874 1725 938 augens
1734 902 1753 936 ,

127 936 456 1004 Emathiae
498 940 786 1001 tutamen
830 938 969 1020 opis
983 986 1000 1019 ,
1047 937 1391 1001 clarissime
1434 940 1586 1004 nato
1599 988 1617 1020 ,

127 1022 393 1105 Accipe,
439 1021 609 1104 quod
650 1022 817 1084 laeta
856 1021 977 1085 tibi
1018 1020 1308 1105 pandunt
1350 1022 1489 1087 luce
1533 1042 1810 1102 sorores,
1948 1033 2051 1083 325

125 1103 491 1170 Veridicum
521 1106 818 1169 oraclum.
880 1105 992 1170 sed
1020 1126 1162 1188 VOS,
1193 1126 1351 1188 quae
1381 1106 1513 1169 fata
1542 1109 1920 1189 sequuntur,

211 1188 458 1255 Currite
504 1189 804 1253 ducentes
849 1189 1278 1274 subtegmina,
1326 1191 1587 1274 currite,
1632 1189 1779 1254 fusi.

102 1306 440 1371 'Adveniet
481 1306 602 1371 tibi
644 1306 771 1371 iam
814 1310 1078 1390 portans
1123 1310 1345 1391 optata
1385 1308 1631 1371 maritis

124 1391 448 1475 Hesperus
458 1439 476 1473 ,
523 1390 817 1455 adveniet
857 1391 1070 1455 fausto
1115 1413 1258 1455 cum
1302 1390 1505 1455 sidere
1550 1392 1856 1471 coniunx,

126 1475 301 1550 Quae
342 1475 462 1538 tibi
505 1474 841 1539 flexanimo
885 1478 1165 1539 mentem
1207 1474 1549 1559 perfundat
1592 1496 1806 1539 amore
1946 1486 2052 1535 330

122 1558 680 1643 Languidulosque
722 1563 906 1644 paret
947 1562 1158 1623 tecum
1203 1560 1586 1643 coniungere
1631 1580 1920 1641 somnOS,

28 1675 31 1678 2
121 1643 320 1707 Levia
363 1643 772 1707 substernens
816 1644 1078 1708 robusto
1123 1642 1384 1707 brachia
1427 1640 1612 1707 collo,

210 1726 460 1792 Currite
504 1728 806 1793 ducentes
851 1727 1285 1811 subtegmina,
1332 1728 1591 1810 currite,
1636 1727 1781 1792 fusi.

120 1836 320 1902 Nulla
361 1836 591 1904 domus
628 1836 788 1900 tales
832 1858 1134 1921 umquam
1178 1836 1434 1900 conexit
1476 1857 1721 1902 amores
1734 1886 1752 1921 ,

28 1965 38 1977 ,
124 1921 357 1987 Nullus
400 1943 578 1985 amor
618 1922 734 1985 tali
781 1922 1111 1985 coniunxit
1150 1920 1404 1985 foedere
1448 1925 1730 1986 amantes
1743 1971 1760 2004 ,
1948 1933 2049 1984 335

28 1986 41 1999 ’
124 2005 346 2081 Qualis
390 2005 568 2069 ade'st
611 2004 895 2088 Thetidi,
940 2005 1141 2088 qualis
1187 2005 1527 2070 concordia
1568 2005 1780 2071 Pele0.

209 2088 460 2154 Currite
504 2090 806 2153 ducentes
852 2090 1286 2175 subtegmina,
1333 2090 1591 2173 currite,
1636 2091 1781 2155 fusi.

117 2197 441 2263 Nascetur
482 2199 663 2263 vobis
708 2220 931 2282 expers
975 2199 1235 2264 terroris
1279 2197 1594 2281 Achilles,

118 2281 437 2347 Hostibus
479 2281 647 2346 haud
691 2286 875 2368 tergo
891 2333 907 2364 ,
954 2284 1064 2347 sed
1108 2283 1263 2347 forti
1305 2286 1561 2367 pectore
1602 2288 1822 2366 notuS,

119 2366 249 2442 Qui
291 2387 594 2450 persaepe
635 2388 799 2452 vago
843 2369 1047 2432 victor
1091 2369 1433 2432 certamine
1479 2391 1695 2432 cursus
1949 2379 2052 2430 340

117 2449 450 2514 Flammea
491 2455 847 2533 praevertet
889 2452 1109 2515 celeris
1157 2452 1425 2536 vestigia
1468 2473 1703 2518 cervae.

213 2534 467 2599 Currite
510 2534 813 2599 ducentes
855 2536 1287 2620 subtegmina,
1334 2536 1593 2618 currite,
1638 2537 1785 2601 fusi.

28 2722 29 2725 Ἴ
116 2640 279 2710 Non
323 2643 421 2706 illi
466 2645 798 2726 quisquam
839 2643 1009 2709 bello
1054 2666 1122 2709 se
1167 2644 1454 2709 conferet
1494 2645 1713 2727 herOS,

117 2727 289 2794 Cum
319 2727 584 2812 Phrygii
615 2728 857 2793 Teucro
901 2730 1251 2794 manabunt
1292 2730 1604 2814 sanguine
1632 2733 1675 2811 ἦ·
1701 2733 1926 2813 tenen,

114 2812 479 2894 Troicaque
523 2811 823 2876 obsidens
865 2814 1219 2898 longinquo
1263 2815 1516 2878 moenia
1558 2814 1725 2878 bello
1950 2825 2051 2875 345

112 2896 370 2961 Periuri
412 2895 668 2980 Pelopis
711 2898 986 2961 vastabit
1027 2899 1252 2962 tertius
1294 2898 1498 2963 heres,

205 2980 462 3046 Currite
505 2981 806 3045 ducentes
851 2982 1280 3067 subtegmina,
1327 2984 1590 3066 currite,
1638 2983 1782 3047 fusi.
1867 3004 1888 3019 1‘

109 3090 307 3155 Illius
353 3111 502 3174 egre
550 3090 645 3154 ias
686 3090 952 3155 virtutes
997 3092 1288 3175 claraque
1331 3092 1501 3156 facta

110 3175 328 3258 Saepe
371 3111 739 3239 fatebuntur
779 3179 1120 3259 gnatorum
1163 3176 1235 3240 in
1275 3177 1498 3241 funere
1539 3179 1778 3242 matres
1791 3225 1810 3259 ,

109 3258 288 3324 Cum
331 3257 402 3321 in
441 3259 717 3323 cinerem
760 3281 952 3324 canos
996 3261 1249 3325 solvent
1289 3283 1328 3326 a
1370 3261 1602 3326 vertice
1647 3261 1853 3326 crines
1951 3272 2056 3322 350

108 3342 511 3426 Putridaque
554 3342 823 3407 infirmis
868 3345 1203 3411 variabunt
1244 3348 1507 3430 pectora
1547 3345 1795 3429 palmiS.

203 3427 462 3492 Currite
507 3427 808 3492 ducentes
855 3429 1287 3516 subtegmina,
1333 3430 1593 3514 currite,
1638 3429 1783 3494 fusi.

217 3530 484 3572 CArvnnvs.
536 3564 541 3565 γ
1714 3536 1747 3581 4
