2409 3825
253 177 340 243 68
1218 182 1298 243 ΠΙ

422 352 576 414 utilis
599 353 922 412 invenietur
945 358 1003 410 et
1029 360 1352 429 opportuna
1375 348 1605 411 cluehit.

421 437 568 498 haec
601 454 832 516 quoque
861 454 958 496 res
981 438 1149 497 etiam
1170 443 1423 494 naturam
1444 433 1673 496 dedicat
1695 436 1821 498 eius
1836 482 1855 516 ‚

427 539 592 600 quam
614 522 771 581 tenui
798 529 1025 581 constet
1048 528 1273 579 textura
1288 563 1308 597 ‚
1334 536 1616 597 quamque
1639 520 1778 583 loco
1800 543 1869 585 se

294 615 401 670 210
423 608 711 666 contineat
734 622 946 684 parvo,
974 606 1023 664 si
1050 604 1236 683 possit
1263 603 1719 685 conglomerari,

425 690 579 771 quod
601 689 767 750 simul
790 698 962 767 atque
991 687 1274 748 hominem
1295 686 1397 747 leti
1420 706 1629 750 secura
1657 695 1823 769 quies
1849 703 1942 756 est

424 775 657 853 indepta
677 784 850 852 atque
875 774 1038 834 animi
1062 780 1259 832 natura
1277 774 1614 850 animaeque
1635 780 1917 857 recessit,

423 857 503 920 nil
529 860 608 920 ihi
632 855 866 918 libatum
895 856 967 918 de
991 866 1114 917 toto
1139 874 1388 934 corpore
1414 875 1617 919 cernas

239 998 253 1015 ,
423 944 495 1003 ad
518 944 812 1022 speciem,
835 942 916 1002 nil
938 942 1008 1002 ad
1031 941 1287 1022 pondus:
1311 957 1464 1001 mors
1494 946 1679 1004 omnia
1700 955 1988 1027 praestat,

292 1036 398 1089 215
419 1026 650 1087 vitalem
671 1037 908 1126 praeter
928 1045 1161 1087 sensum
1185 1024 1542 1104 calidumque
1568 1046 1857 1108 vaporem.

425 1128 571 1189 ergo
600 1113 836 1171 animam
856 1120 1031 1172 totam
1050 1112 1354 1190 perparvis
1380 1129 1516 1171 esse
1541 1123 1848 1175 necessest

423 1196 768 1272 seminibus,
791 1213 996 1256 nexam
1017 1214 1124 1275 per
1144 1213 1322 1255 venas
1345 1197 1573 1257 viscera
1592 1215 1836 1268 nervos;

465 1290 737 1357 uatenus‚
763 1282 943 1340 omnis
967 1281 1062 1357 ubi
1086 1298 1120 1339 e
1143 1288 1269 1344 toto
1292 1281 1401 1339 iam
1431 1297 1678 1360 corpore
1703 1284 1918 1361 cessit,

402 1350 442 1509 1
423 1364 633 1438 extima
652 1363 1033 1426 membrorum
1057 1366 1273 1435 cimum
1298 1382 1536 1445 caesura
1558 1375 1747 1426 tamen
1769 1386 1838 1427 se

484 1447 768 1534 columem
791 1458 1045 1528 praestat
1068 1466 1181 1509 nec
1204 1447 1343 1508 defit
1363 1435 1637 1528 ponderis
1659 1449 1738 1510 hil

420 1533 575 1613 quod
600 1551 786 1612 genus
810 1543 937 1610 est,
960 1532 1173 1594 Bacchi
1196 1550 1325 1593 cum
1348 1532 1457 1593 flos
1483 1537 1742 1612 evanuit,
1767 1544 2018 1598 autenm

419 1619 655 1697 spiritus
681 1619 955 1697 unguenti
979 1619 1169 1679 suavis
1196 1616 1458 1695 diffugit
1441 1636 1497 1681 m
1518 1636 1683 1680 auras
1697 1665 1717 1696 ,

418 1712 514 1763 aut
535 1703 726 1781 aliquo
750 1721 878 1763 cum
898 1704 1007 1762 iam
1030 1719 1202 1763 sucus
1233 1702 1306 1762 de
1332 1719 1578 1781 corpore
1607 1705 1812 1765 cessit:

417 1786 496 1846 nil
523 1785 708 1848 oculis
728 1795 919 1846 tamen
947 1806 1084 1847 esse
1108 1788 1291 1846 minor
1310 1804 1408 1846 res
1430 1788 1556 1865 ipsa
1579 1788 1806 1848 videtur

288 1879 393 1935 225
415 1877 727 1953 propterea
745 1889 938 1951 neque
968 1871 1282 1933 detractum
1307 1870 1378 1931 de
1409 1870 1665 1949 pondere
1692 1874 1994 1953 quicquam
2011 1921 2031 1955 ,

416 1958 704 2033 nimirum,
730 1958 861 2034 quia
888 1956 1061 2017 multa
1082 1957 1406 2035 minutaque
1431 1959 1645 2017 semina
1668 1976 1841 2019 sucos

417 2039 673 2103 efficiunt
695 2049 757 2101 et
778 2039 1015 2102 odorem
1041 2043 1100 2100 in
1123 2049 1247 2101 toto
1275 2057 1521 2120 corpore
1545 2044 1648 2101 rei.

418 2142 594 2206 qnare
617 2126 787 2186 etiam
814 2134 986 2203 atque
1011 2127 1180 2186 etiam
1201 2127 1407 2185 mentis
1432 2136 1684 2186 naturam
1703 2128 2037 2206 animaeque

416 2211 570 2271 scire
593 2208 733 2269 licet
752 2227 1030 2289 perquam
1052 2208 1322 2289 pauxillis
1351 2228 1489 2270 esse
1513 2220 1761 2272 creatam

285 2302 392 2358 230
422 2294 764 2372 seminibus,
792 2296 1055 2374 quoniam
1076 2294 1306 2371 fugiens
1330 2293 1408 2358 nil
1432 2295 1704 2373 ponderis
1733 2294 1935 2355 aufert.

498 2377 553 2438 N
554 2398 625 2439 ec
647 2387 835 2439 tamen
858 2378 1004 2440 haec
1024 2377 1273 2458 simplex
1294 2379 1461 2439 nobis
1486 2389 1679 2440 natura
1701 2379 1948 2459 putanda
1975 2390 2087 2443 est.

413 2464 601 2524 tenvis
627 2464 776 2523 enim
801 2463 1076 2543 quaedam
1099 2461 1467 2523 moribundos
1491 2464 1705 2524 deserit
1724 2482 1858 2524 aura

412 2549 587 2608 mixta
607 2564 826 2628 vapore
843 2592 863 2625 ‚
886 2564 1070 2627 vapor
1095 2564 1272 2628 porro
1293 2545 1463 2608 trahit
1490 2555 1624 2607 aera
1654 2565 1871 2609 secum.

412 2651 526 2693 nec
550 2630 710 2692 calor
738 2640 831 2693 est
854 2635 1151 2710 quisquam
1168 2677 1186 2710 ,
1215 2634 1307 2692 cui
1334 2649 1450 2691 non
1472 2634 1547 2694 sit
1567 2633 1775 2693 mixtus
1799 2641 1858 2692 et
1883 2650 2010 2695 aer:

284 2724 390 2780 23⁶
412 2734 539 2779 rara
560 2715 717 2795 ,quod
739 2719 864 2777 eius
888 2718 1037 2777 enim
1060 2725 1286 2777 constat
1305 2725 1500 2777 natura
1516 2762 1534 2794 ‚
1559 2724 1868 2778 necessest

411 2803 564 2863 aeris
587 2802 738 2861 in'ter
758 2819 888 2861 eum
908 2800 1214 2880 primordia
1235 2801 1409 2860 multa
1437 2802 1675 2861 moveri.

408 2888 519 2946 iam
545 2884 761 2965 triplex
781 2886 946 2945 animi
973 2893 1064 2945 est
1086 2886 1260 2963 igitur
1279 2894 1476 2945 natura
1495 2894 1757 2964 reperta:

408 2988 523 3030 nec
542 2978 732 3031 tamen
758 2968 905 3030 haec
933 2980 1021 3031 sat
1043 2968 1264 3031 suntad
1290 2987 1524 3030 sensum
1548 2978 1753 3029 cuncta
1775 2969 2112 3041 creandumz

407 3052 486 3114 nil
509 3052 710 3113 horum
734 3055 996 3132 quoniam
1017 3055 1225 3133 recipit
1245 3072 1341 3114 res
1367 3072 1545 3134 posse
1573 3071 1774 3114 creare

281 3144 388 3199 240
408 3136 727 3198 sensiferos
750 3148 938 3198 motus
955 3184 973 3216 ‚
1000 3137 1225 3216 quidam
1257 3139 1410 3216 quod
1429 3137 1882 3198 manticulantnr.

362 3283 369 3290 ,
410 3230 608 3297 quarta
634 3236 865 3298 quoque
887 3221 976 3283 his
1001 3223 1175 3300 igitur
1195 3221 1471 3300 quaedam
1491 3233 1687 3284 natura
1711 3231 2019 3283 necessest

407 3302 786 3363 adtribuatur:
818 3314 943 3364 east
966 3308 1192 3366 omnino
1217 3307 1457 3365 nominis
1483 3324 1731 3386 expers;

410 3403 522 3462 qua
541 3404 731 3464 neque
753 3387 1018 3450 mobilius
1046 3391 1352 3469 quicquam
1377 3408 1566 3466 neque
1588 3391 1815 3450 tenvius
1838 3399 2064 3465 exstat,

409 3484 514 3525 nec
542 3472 724 3545 magis
750 3490 784 3530 e
807 3474 997 3549 parvis
1029 3483 1088 3533 et
1108 3472 1333 3534 levibus
1356 3482 1447 3534 est
1466 3470 1800 3544 elementis;
