2409 3825
940 232 1186 280 sATmA
1230 231 1322 280 1v.
2046 219 2113 279 11

156 375 303 435 Fert
345 375 559 434 animus
616 371 839 433 calidae
884 371 1101 431 fecisse
1145 371 1373 430 silentia
1423 370 1624 429 turbae

157 458 466 517 Maiestate
510 474 726 515 manus.
797 454 945 528 Quid
990 455 1198 514 deinde
1246 451 1534 532 loquere?
1582 452 1866 528 Quirites,

156 540 324 615 Hoc,
370 548 536 617 puta,
581 559 701 601 non
742 540 963 599 iustum
1006 547 1124 613 est,
1170 539 1323 598 illud
1364 538 1552 611 male,
1598 539 1827 597 rectius
1868 538 2037 596 illud.

160 625 295 682 Scis
350 625 558 681 etenim
600 625 807 681 iustum
850 623 1077 698 gemina
1123 620 1481 698 suspendere
1525 620 1712 684 lance
2054 631 2120 681 10

161 706 448 783 Ancipitis
497 703 706 772 librae;
754 714 975 763 rectum
1018 705 1329 778 discernis,
1374 703 1471 762 ubi
1518 705 1667 761 inter

162 787 356 848 Curva
400 787 583 863 subit,
631 787 728 846 vel
776 805 946 885 quum
989 787 1135 847 fallit
1181 788 1334 870 pede
1379 786 1581 863 regula
1626 803 1788 861 var0,

159 871 237 931 Et
281 872 436 948 potis
482 889 545 929 es
596 871 818 947 nigrum
870 871 1009 929 vitio
1053 851 1380 947 praefi'gere
1430 866 1631 927 theta?

162 954 316 1028 Quin
361 962 419 1012 tu
469 955 676 1029 igitur,
731 971 948 1016 summa
992 955 1335 1030 nequiquam
1380 951 1540 1030 pelle
1591 952 1862 1027 decorusu

162 1037 317 1096 Ante
364 1036 513 1095 diem
557 1036 768 1096 blando
814 1036 1047 1095 caudam
1092 1038 1309 1095 iactare
1353 1035 1591 1113 popello
1996 1096 2000 1100 ,
2054 1048 2115 1098 15

162 1120 435 1195 Desinis,
485 1118 790 1194 Anticyras
835 1120 1040 1178 melior
1081 1118 1323 1178 sorbere
1380 1118 1670 1178 meracas!

162 1203 327 1277 Quae
374 1202 474 1260 tibi
519 1217 734 1262 summa
777 1202 912 1261 boni
958 1199 1087 1262 est?
1130 1212 1297 1262 uncta
1341 1204 1558 1261 vixisse
1598 1201 1813 1279 patella

162 1288 411 1363 Semper
457 1293 514 1343 et
565 1286 795 1345 assiduo
853 1294 1046 1344 curata
1093 1286 1339 1345 cuticula
1386 1282 1547 1344 sole?

161 1369 494 1446 Exspecta,
538 1368 687 1427 haud
732 1368 885 1427 aliud
931 1369 1285 1445 respondeat
1327 1368 1472 1426 haec
1517 1384 1676 1425 anus.
1739 1366 1766 1425 Ι
1808 1384 1985 1424 nunc:

159 1452 569 1512 Dinomaches
610 1469 719 1528 eqo
760 1469 926 1525 sum,
971 1449 1167 1524 suffla,
1216 1468 1343 1509 sum
1390 1451 1700 1510 candidus
1729 1482 1814 1494 —-
1854 1458 2010 1515 esto;
2047 1460 2117 1511 20

163 1533 313 1593 Dum
362 1551 434 1592 ne
479 1532 732 1591 deterius
781 1534 965 1610 sapiat
1008 1534 1288 1610 pannucia
1329 1532 1556 1606 Baucis,

165 1617 351 1690 Quum
400 1617 550 1674 bene
595 1615 871 1674 discincto
918 1617 1233 1675 cantaverit
1284 1616 1467 1674 ocima
1513 1632 1744 1673 vernae.

248 1699 324 1759 Ut
366 1715 533 1757 nemo
574 1699 630 1757 in
673 1715 809 1757 sese
852 1707 1094 1776 temptat
1135 1698 1526 1773 descendere,
1578 1714 1769 1772 nemo,

165 1781 283 1842 Sed
329 1781 701 1859 praecedenti
746 1790 1042 1859 spectatur
1083 1783 1328 1842 mantica
1368 1781 1567 1857 tergo!

168 1865 534 1940 Quaesieris:
578 1862 799 1923 Nostin'
845 1864 1061 1924 Vettidi
1106 1861 1492 1942 praediaY—
1535 1859 1855 1923 Cuius?—
2048 1872 2115 1924 26

166 1949 346 2008 Dives
392 1957 514 2007 arat
559 1945 804 2006 Curibus
850 1957 1115 2026 quantum
1160 1965 1276 2006 non
1319 1947 1523 2006 milvus
1568 1947 1819 2007 oberrat.
1849 1979 1929 1991 -·

167 2032 332 2091 Hunc
365 2032 481 2106 ais,
532 2030 680 2089 hunc
727 2030 814 2089 dis
866 2033 1024 2090 iratis
1069 2033 1363 2109 genioque
1408 2033 1659 2105 sinistro,

169 2114 312 2187 Qui,
358 2114 701 2191 quandoque
744 2114 935 2190 iugum
980 2122 1217 2192 pertusa
1259 2114 1330 2173 ad
1375 2115 1620 2191 compita
1672 2112 1814 2188 figit,

168 2196 431 2256 Seriolae
475 2206 735 2259 veterem
777 2205 1037 2256 metuens
1090 2197 1372 2256 deradere
1419 2197 1607 2255 limum

168 2278 437 2355 Ingemit:
489 2281 600 2341 hoc
641 2281 793 2341 bene
842 2282 958 2341 sit!
1000 2282 1308 2339 tunicatum
1355 2297 1482 2338 cum
1525 2278 1651 2337 sale
1693 2278 1960 2337 mordens
2047 2286 2118 2339 30

171 2360 402 2438 Caepe,
456 2371 513 2421 et
561 2362 828 2422 farratam
876 2365 1072 2441 pueris
1119 2359 1525 2441 plaudentibus
1572 2361 1744 2421 ollam

168 2446 486 2505 Pannosam
528 2444 752 2503 faecem
801 2447 1094 2504 morientis
1137 2446 1338 2504 sorbet
1384 2441 1689 2504 aceti?—

171 2527 247 2586 At
297 2528 345 2585 si
392 2535 595 2586 unctus
641 2545 843 2586 cesses
892 2537 949 2587 et
992 2528 1136 2604 figas
1171 2529 1229 2586 in
1274 2536 1405 2588 cute
1454 2528 1660 2602 solem,

170 2609 277 2669 Est
318 2626 504 2687 prope
556 2619 614 2669 te
667 2611 931 2688 ignotus,
983 2609 1175 2669 cubito
1224 2612 1319 2689 qui
1367 2620 1564 2687 tangat
1609 2619 1666 2669 et
1707 2626 1842 2668 acre

170 2692 457 2770 Despuat:
496 2693 559 2753 1ιί
601 2712 827 2770 mores,
869 2711 1200 2772 penemque
1242 2711 1599 2772 arcanaque
1641 2694 1824 2755 lumbi
2047 2699 2116 2752 35

171 2775 548 2836 Runcantem
584 2779 810 2855 popu-lo
846 2783 1187 2838 marcentes
1224 2778 1507 2854 pandere
1543 2777 1788 2838 vulvas!

173 2858 257 2917 Tu
307 2874 476 2934 quum
519 2859 765 2919 maxillis
810 2859 1131 2919 balanatum
1172 2875 1431 2938 gausape
1471 2869 1696 2937 pectas,

171 2939 497 3016 Inguinibus
545 2959 721 3018 quare
767 2942 1042 3001 detonsus
1084 2942 1352 3019 gurgulio
1398 2939 1625 3001 exstat?

162 3022 438 3100 Quinque
481 3024 853 3102 palaestritae
898 3025 1038 3083 licet
1078 3024 1226 3084 haec
1265 3024 1543 3102 plantaria
1586 3024 1824 3097 vellant,

171 3103 485 3183 Elixasque
529 3116 692 3166 nates
738 3107 1090 3167 labefactent
1129 3108 1354 3186 forcipe
1399 3108 1638 3183 adunca,
2050 3113 2119 3167 40

171 3187 299 3247 Non
338 3197 526 3248 tamen
570 3191 677 3248 ista
723 3189 845 3249 filix
887 3190 1006 3249 ullo
1048 3192 1397 3250 mansuescit
1440 3199 1649 3249 aratro.

176 3268 512 3347 Caedimus,
562 3273 734 3350 inque
778 3275 966 3332 vicem
1006 3273 1350 3351 praebemus
1397 3290 1562 3332 crura
1603 3274 1846 3349 sagittis.

106 3386 117 3393 -
170 3352 393 3413 Vivitur
436 3354 550 3413 hoc
593 3363 797 3432 pacto;
851 3357 936 3414 sic
981 3358 1258 3415 novimus.
1338 3355 1442 3414 Ilia
1489 3356 1693 3427 subter

174 3434 421 3528 Caecum
466 3438 669 3497 vulnus
713 3438 926 3505 habes;
974 3438 1078 3498 sed
1121 3439 1239 3498 lato
1282 3438 1505 3498 balteus
1550 3454 1689 3496 auro
