2409 3825
1105 165 1131 225 1
2044 160 2127 232 17

151 343 260 397 595
288 332 424 413 quid
447 342 729 412 nequeat,
758 333 908 392 finita
933 341 1192 411 potestas
1220 333 1465 412 denique
1494 321 1698 413 cuiq'fie

288 435 526 497 quanam
549 419 621 476 sit
644 418 861 476 ratione
892 426 1061 494 atque
1086 415 1197 476 alte
1226 419 1498 477 terminus
1522 418 1798 498 haerens,

283 521 398 562 nec
422 503 630 561 totiens
703 510 899 560 ossent
926 503 1240 577 generatim
1267 500 1458 561 saecla
1483 502 1703 562 referre

286 595 538 646 naturam
560 595 683 644 mor
723 604 750 644 s
773 587 828 642 vi
837 594 984 643 ctum
1008 594 1311 663 motusque
1338 594 1646 663 parentum.
2018 585 2101 660 θ

372 668 511 727 Tum
531 684 704 747 porro
736 668 886 745 quod
912 669 1015 727 iam
1042 678 1132 728 est
1160 678 1474 728 extremum
1500 668 1768 749 quodque
1793 687 2069 733 cacumen

141 761 258 820 600
280 755 541 831 corporis
566 751 735 812 ullius
753 799 769 829 ,
806 752 956 830 quod
982 753 1160 811 nostri
1186 771 1425 812 cernere
1450 772 1654 814 sensus

288 840 393 897 iam
417 846 737 915 nequeunt,
764 836 817 893 id
835 882 852 912 ‚
881 838 1167 912 nimirum,
1197 838 1320 896 sine
1346 838 1598 916 partibus
1624 846 1779 898 extat

290 932 348 981 et
370 923 591 980 minima
621 929 842 980 constat
864 929 1056 980 natura
1074 966 1091 996 ,
1117 938 1229 980 neo
1253 920 1355 980 fuit
1379 940 1638 1000 umquam

286 1024 397 1084 per
417 1023 482 1065 se
510 1014 795 1065 secretum
818 1022 1005 1082 neque
1036 1002 1278 1082 posthac
1303 1024 1435 1065 esse
1459 1005 1703 1083 valebit,

288 1090 522 1149 alterius
548 1090 863 1166 quoniamst
887 1090 1071 1166 ipsum
1095 1106 1228 1166 pars
1249 1133 1265 1164 ‚
1297 1090 1588 1168 primaque
1615 1099 1672 1149 et
1702 1108 1810 1150 una

80 1251 89 1256 ¹
154 1186 260 1238 605
285 1172 417 1234 inde
440 1173 582 1233 aliae
608 1183 776 1250 atque
801 1171 942 1231 aliae
968 1171 1181 1231 similes
1207 1173 1504 1232 ex-ordine
1531 1183 1723 1251 partes

290 1259 511 1335 agmine
539 1257 829 1317 condenso
852 1265 1103 1314 naturam
1129 1260 1389 1334 corporis
1416 1257 1683 1335 explent;

290 1360 435 1421 quae
459 1343 716 1419 quoniam
738 1357 844 1420 per
868 1359 932 1400 se
955 1349 1245 1417 nequeunt
1273 1352 1534 1401 constare
1551 1388 1569 1419 ,
1595 1351 1901 1405 necessest

287 1426 528 1486 haerere
551 1424 698 1486 unde
723 1432 928 1504 queant
951 1423 1104 1482 nulla
1124 1425 1340 1484 ratione
1365 1424 1587 1486 revelli.

290 1519 419 1570 sunt
441 1511 613 1586 igitur
634 1507 816 1568 solida
843 1507 1141 1585 primordia
1165 1507 1527 1586 simplicitate
1544 1556 1562 1587 ‚

154 1606 265 1659 610
288 1612 432 1672 quae
457 1594 693 1651 minimis
719 1593 922 1670 stipata
949 1592 1257 1651 cohaerent
1282 1593 1533 1670 partibus
1558 1603 1678 1652 arte
1694 1639 1712 1671 ,

290 1695 404 1737 non
429 1696 504 1736 ex
528 1675 771 1736 ullorum
796 1686 1077 1735 conventu
1105 1675 1403 1736 conciliata
1419 1722 1436 1751 ,

291 1760 395 1822 sed
418 1763 596 1837 magis
619 1770 848 1820 aeterna
872 1759 1145 1838 pollentia
1170 1760 1533 1837 simplicitate
1550 1805 1568 1837 ‚

292 1844 438 1906 unde
461 1863 650 1924 neque
674 1843 842 1903 avelli
871 1845 1169 1922 quicquam
1192 1862 1380 1923 neque
1407 1843 1648 1903 deminui
1672 1845 1779 1903 iam

297 1928 562 1991 concedit
586 1938 781 1988 natura
801 1926 1103 1989 reserva'ns
1129 1931 1342 1988 semina
1363 1929 1555 1988 rebus.

164 2027 270 2080 615
296 2023 593 2094 praeterea
615 2014 723 2073 nisi
748 2015 851 2073 erit
873 2014 1153 2071 minimum
1169 2058 1187 2089 ‚
1216 2014 1545 2091 parvissima
1570 2030 1832 2093 quaeque

293 2116 534 2177 corpora
559 2098 895 2157 constabunt
925 2115 999 2155 ex
1029 2096 1284 2176 partibus
1306 2097 1532 2157 infinitis
1549 2120 1564 2167 ;

292 2185 507 2261 quippe
534 2182 626 2240 ubi
652 2180 908 2240 dimidiae
933 2182 1105 2260 partis
1137 2198 1268 2259 pars
1289 2192 1518 2259 semper
1537 2181 1772 2242 habebit

293 2267 571 2326 dimidiam
592 2275 808 2344 partem
827 2311 844 2342 ,
870 2283 980 2324 nec
1004 2282 1099 2324 res
1125 2266 1423 2343 praefiniet
1446 2265 1577 2325 ulla.

293 2368 434 2429 ergo
457 2367 647 2408 rerum
670 2351 816 2408 inter
838 2366 1106 2408 summam
1135 2350 1526 2428 minimamque
1553 2349 1685 2428 quid
1708 2344 1898 2410 escit?

163 2446 270 2499 620
291 2435 369 2494 nil
394 2435 497 2494 erit
524 2443 586 2493 ut
610 2433 810 2493 distet:
835 2451 958 2491 nam
986 2434 1239 2510 quamvis
1260 2432 1508 2493 funditus
1537 2435 1715 2493 omnis

293 2535 504 2579 summa
526 2519 599 2576 sit
622 2518 832 2576 infinita
848 2563 865 2593 ,
890 2527 1077 2576 tamen
1093 2563 1110 2594 ,
1136 2519 1470 2595 parvissima
1496 2535 1638 2594 quae
1662 2524 1826 2593 sunt,

294 2620 368 2662 ex
391 2601 617 2660 infinitis
644 2602 979 2661 constabunt
1002 2601 1253 2679 partibus
1278 2617 1480 2677 aeque.

293 2683 445 2764 quod
469 2685 729 2763 quoniam
750 2686 892 2744 ratio
915 2684 1183 2743 reclamat
1207 2701 1345 2743 vera
1366 2694 1655 2762 negatque

295 2769 534 2829 credere
558 2786 735 2847 posse
762 2770 997 2827 animum
1015 2814 1031 2845 ‚
1060 2770 1247 2828 victus
1270 2767 1485 2827 fateare
1509 2773 1815 2827 necessest

159 2863 264 2915 625
290 2871 425 2913 esse
448 2870 517 2911 ea
543 2869 687 2930 quae
710 2851 878 2911 nullis
904 2854 1008 2911 iam
1033 2852 1285 2931 praedita
1316 2852 1570 2930 partibus
1595 2859 1792 2911 extent

292 2946 350 2996 et
372 2938 592 2995 minima
618 2946 881 2997 constent
903 2945 1111 2996 natura.
1141 2954 1284 3014 quae
1316 2938 1574 3013 quoniam
1597 2944 1758 3011 sunt,

291 3019 386 3079 illa
413 3038 642 3099 quoque
669 3039 803 3080 esse
826 3020 927 3079 tibi
952 3019 1132 3081 solida
1156 3031 1327 3098 atque
1351 3028 1582 3080 aeterna
1604 3018 1909 3080 fatendum.

292 3103 537 3181 denique
561 3105 616 3162 ni
641 3105 890 3163 minimas
914 3106 969 3162 in
994 3105 1169 3182 partis
1195 3112 1397 3164 cuncta
1422 3103 1638 3179 resolvi

291 3206 507 3265 cogere
536 3198 877 3251 consuesset
900 3207 1088 3248 rerum
1110 3197 1304 3247 natura
1329 3190 1605 3266 creatrix,

153 3281 262 3337 630
285 3274 393 3331 iam
414 3271 492 3330 nil
519 3290 595 3331 ex
615 3271 728 3332 illis
761 3272 959 3332 eadem
988 3290 1254 3351 reparare
1279 3271 1495 3332 valeret

285 3367 601 3436 propterea
622 3359 749 3435 quia
765 3403 783 3434 ‚
810 3375 953 3436 quae
977 3356 1165 3416 multis
1193 3364 1323 3415 sunt
1348 3357 1601 3433 partibus
1627 3363 1826 3434 aucta,

285 3456 399 3506 nos„
429 3451 673 3519 possunt
698 3459 767 3501 ea
792 3459 936 3520 quae
962 3440 1135 3500 debet
1161 3438 1427 3516 genitalis
1450 3439 1664 3500 habere

195 3529 519 3584 Lucas-mm.
1786 3518 1825 3576 2
