2409 3825
353 153 442 217 60
868 167 983 215 xv.
1057 165 1583 215 EPAMINONDAS.
1627 162 1675 212 6.
1721 162 1770 212 7.

357 303 647 369 oratione
700 322 818 368 sua
870 301 1075 367 multa
1128 302 1420 366 invectus
1475 303 1643 366 esset
1700 301 1772 364 in
1827 299 2173 366 Thebanos
2226 304 2289 367 et

293 399 328 450 2
356 387 638 472 Argivos
680 387 754 452 in
796 386 1014 471 eisque
1059 386 1183 450 hoc
1226 384 1573 470 posuisset,
1628 384 1917 449 animum
1960 383 2288 451 advertere

354 472 584 537 debere
638 470 919 537 Arcades
932 520 949 552 ,
1014 469 1239 555 quales
1297 473 1568 553 utraque
1622 469 1848 533 civitas
1907 470 2080 535 cives
2147 491 2289 553 pro·

355 559 658 636 creasset,
704 576 784 620 ex
826 554 1058 639 quibus
1102 553 1180 619 de
1225 553 1451 618 ceteris
1493 556 1760 636 possent
1799 552 2117 618 iudicare:
2172 557 2290 618 Ar-

405 641 538 705 'vos
595 640 769 705 enim
814 638 1014 703 fuisse
1059 636 1352 704 Orestem
1394 640 1461 701 et
1499 636 1960 702 Alcmaeonem
2013 637 2289 713 matrici·

353 660 487 802 das,
532 724 769 790 Thebis
814 721 1131 806 Oedipum
1173 726 1417 803 natum,
1463 722 1576 804 qui
1619 741 1766 786 cum
1853 725 2064 786 atrem
2105 744 2289 786 suum

295 821 327 870 3
357 807 813 886 interfecisset,
879 827 958 870 ex
1010 809 1214 870 matre
1268 805 1506 870 liberos
1592 811 1945 870 focreasse:
2011 805 2170 869 huic
2218 806 2290 873 in

352 889 796 974 respondendo
826 888 1329 987 Epaminondas,
1372 910 1526 1038 (ἔρδῃ-ι,
1590 911 1625 954 e
1654 889 1880 986 ceteris
1907 894 2287 987 perorasset,

350 973 1007 1123 {ssffiffiffitiss
1047 973 1962 1154 flflsstossispritssssiff‘zriffissh
1986 972 2291 1122 2¹³3&

350 1143 643 1222 verterit,
713 1142 1090 1207 innocentes
1155 1142 1305 1206 illos
1356 1145 1545 1207 natos
1613 1138 1818 1223 doml,
1891 1141 2129 1206 scelere
2184 1141 2291 1206 ad-
2374 1152 2375 1165 ¹

350 1227 546 1291 misso
603 1247 748 1290 cum
789 1226 1000 1309 patria
1055 1230 1272 1291 essent
1326 1225 1603 1309 expulsi,
1659 1229 1949 1310 receptos
1998 1240 2147 1290 ‘aese
2205 1226 2289 1291 ab

292 1323 327 1370 4
354 1309 877 1375 Atheniensibus.
964 1309 1075 1374 sed
1137 1309 1414 1374 maxime
1471 1310 1607 1374 eius
1660 1309 2047 1393 eloquentia*
2085 1309 2291 1374 eluxit

351 1392 617 1478 Spartae
660 1393 859 1480 legati
912 1396 1062 1459 ante
1115 1415 1403 1478 pugnam
1455 1392 1875 1458 Leuctricam.
1964 1414 2094 1477 quo
2138 1414 2287 1477 Q

350 1477 641 1544 omnium
670 1479 993 1544 sociorum
1020 1477 1473 1543 convenissent
1498 1477 1717 1562 legati,
1744 1499 1960 1542 coram
1986 1477 2285 1561 frequen-

349 1562 596 1628 tissimo
647 1562 1048 1665 legationpm
1101 1565 1426 1673 cpnventu
1479 1561 1572 1626 sic
1630 1560 2287 1627 Lacedaemoniorum

347 1646 753 1731 tyrannidem
808 1627 1129 1730 cfflrffuff‘,
1197 1648 1273 1709 ut
1341 1666 1476 1709 non
1534 1646 1748 1711 minus
1808 1646 1922 1711 illa
1990 1646 2285 1710 oratione

351 1754 505 1815 opes
548 1752 770 1797 eorum
812 1730 1203 1796 concusserit
1233 1750 1427 1812 quam
1456 1728 1791 1794 Leuctrica
1831 1750 2069 1826 pugna.
2141 1733 2287 1795 tum

350 1816 524 1962 {nim
563 1814 862 1914 perfecit,
909 1814 1082 1898 quod
1122 1817 1273 1912 post
1314 1814 1645 1964 apparuit,
1689 1818 1765 1878 ut
1806 1814 2047 1878 amulio
2090 1812 2285 1880 Lace·

393 1920 671 1963 aemonu
712 1920 1034 1964 sociorum
1122 1919 1374 1964 rivaren
1407 1921 1500 1964 ur.

280 1981 316 2043 7
517 1981 740 2048 Fuisse
791 1921 1145 2068 patientegi
1197 2003 1586 2067 suorumque
1639 1982 1909 2047 iniurias
1965 1981 2283 2048 ferentem

348 2067 613 2149 civium,
684 2070 859 2152 ‘quod
922 2089 990 2133 se
1053 2069 1299 2152 patriae
1340 2067 1530 2132 irasci
1585 2066 1768 2131 nefas
1822 2088 1956 2131 esse
2003 2067 2280 2151 duceret,

345 2151 505 2248 hoaec
559 2154 712 2249 sunt
762 2152 1150 2217 testimonia.
1254 2173 1401 2249 cnm
1453 2172 1601 2248 eum
1654 2154 1918 2234 propter
1971 2151 2283 2216 invidiam
2372 2171 2373 2214 1

345 2254 660 2401 3322&
682 2235 1701 2401 &eiiifiiffiffessifiss‘iffssiissfflss
1554 2239 1783 2385 mie?
1817 2234 2124 2384 23¹⁰sssss⁶et

344 2398 539 2465 ducta
589 2400 705 2465 illa
754 2401 1099 2468 multitudo
1153 2402 1468 2486 militum,
1520 2406 1595 2467 ut
1661 2409 1882 2467 omnes
1934 2402 2014 2466 de
2075 2402 2282 2469 salute

390 2485 894 2567 ertimescerent,
957 2487 1131 2570 quod
1194 2487 1486 2552 locorum
1550 2487 1866 2571 angustiis
1930 2487 2132 2551 clausi
2200 2489 2281 2552 ab

392 2571 637 2636 ostibus
693 2570 1179 2650 obsidebantur,
1226 2570 1569 2637 desiderari
1613 2574 1840 2654 coepta
1881 2576 1979 2636 est
2018 2570 2282 2655 Epami·

341 2654 597 2734 npndae
658 2654 1022 2739 diligentia:
1088 2658 1226 2719 erat
1279 2655 1452 2719 enim
1518 2654 1612 2719 ibi
1663 2656 1952 2739 privatus
2007 2676 2280 2721 numero

284 2752 315 2798 2
345 2739 587 2803 militis.
663 2761 704 2803 a
745 2760 872 2822 quo
917 2759 1070 2825 cygn
1104 2742 1401 2822 peterent
1443 2760 1650 2836 opem,
1693 2739 1940 2803 nullam
1982 2739 2282 2805 adhibuit
2370 2755 2371 2770 ¹

342 2823 718 2887 memoriam
748 2822 1172 2889 contumeliae
1202 2826 1269 2887 et
1310 2828 1657 2888 exercitum
1688 2823 2020 2888 obsidione
2048 2824 2278 2888 libera-

281 2918 315 2967 8
344 2909 487 2972 tum
513 2905 777 2971 domum
804 2906 1058 2971 reduxit
1085 2906 1492 2972 incolumem.
1565 2928 1687 2971 nec
1727 2929 1880 2972 vero
1924 2908 2050 2971 hoc
2080 2909 2277 2973 semel
2370 2909 2371 2990 ζ

339 2991 518 3072 fecit,
558 2989 671 3055 sed
713 2992 984 3075 saepius.
1070 2993 1349 3056 maxime
1392 2994 1606 3056 autem
1648 2991 1775 3055 fuit
1814 2991 2084 3074 illustre,
2132 3013 2279 3057 cum
2370 2997 2371 3012 ¹

338 3076 411 3138 in
453 3074 971 3171 Peloponnesum
1014 3076 1367 3140 exercitum
1409 3075 1691 3139 duxisset
1739 3075 2041 3139 adversus
2081 3059 2277 3141 L&-

341 3156 713 3222 daemomos
768 3157 1004 3245 hahere
1079 3180 1161 3223 ue
1203 3159 1483 3244 collegas
1539 3157 1731 3242 duos,
1788 3181 2066 3255 quorum
2115 3160 2278 3225 alter

341 3241 480 3330 erat
503 3237 864 3322 Pelopidas,
913 3241 1013 3304 vir
1085 3243 1244 3307 ortis
1272 3263 1347 3307 ac
1375 3247 1691 3308 strenuus.
1764 3243 1835 3306 h1
1879 3264 2024 3336 Q
2068 3245 2277 3309 crimi-

339 3317 531 3382 nlbus
594 3320 1102 3389 adversariorum
1168 3347 1392 3391 omnes
1446 3327 1521 3390 in
1581 3326 1892 3391 invidiam
1945 3328 2277 3398 venissent

341 3398 425 3462 ob
468 3418 733 3483 eamque
776 3426 912 3471 rem
953 3408 1295 3491 imperium
1337 3411 1418 3476 iis
1460 3409 2036 3506 GSEQEPPEOQtum
2078 3416 2275 3497 atque
2369 3441 2372 3491 ς
