2409 3825
698 150 873 198 xxn.
947 150 1327 198 HAMILCAR.
1371 147 1523 209 2÷4.
1994 135 2080 202 89
2168 150 2181 163 ·

132 308 294 453 {33²
311 285 625 434 033¹?ss
662 285 1143 468 {Zffissffiffi
1182 285 2079 469 fssssssssufflgssffisstfflz

140 453 836 621 {ffiffi'nssffieiffiff
867 454 1818 622 ὃῖιῖἓωωέἕᾷΐᾚρὲἓέὲί,
1841 475 1944 604 Οέἒ
1968 454 2079 603 ἑῖῗ

140 624 395 688 tissima
434 623 638 686 totius
689 621 978 706 Africae,
1032 622 1316 687 restituit
1355 622 1621 720 patriae.
1727 642 1938 706 neque
1998 644 2073 688 eo
2104 633 2137 683 5

141 708 274 772 fuit
323 710 694 789 contentus,
749 705 861 770 sed
917 707 1110 771 etiam
1162 707 1325 771 fines
1366 707 1621 792 imperii
1719 707 2076 804 repagavit,

141 797 286 856 tota
329 790 556 855 Africa
595 793 849 855 tantum
894 792 1098 855 otium
1139 790 1436 875 reddidit,
1479 795 1554 856 ut
1592 791 1846 856 nulum
1889 812 1961 855 in
2004 811 2081 856 ea

142 875 392 940 bellum
434 874 760 939 videretur
798 875 1020 939 multis
1064 875 1253 940 annis
1294 874 1510 940 fuisse.
1922 953 1927 958 .

317 958 533 1024 Rebus
585 958 689 1023 his
744 979 823 1022 ex
875 959 1197 1024 sententia
1250 959 1527 1044 peractis
1583 959 1810 1025 fidenti
1835 958 2080 1024 'animo
2111 958 2153 1023 3

144 1049 342 1128 atque
386 1043 622 1107 infesto
652 1042 983 1128 Romanis,
1029 1041 1160 1127 qu'o
1189 1042 1456 1109 facilius
1499 1064 1756 1119 causam
1797 1043 2082 1109 bellandi
2190 1036 2199 1067 ²·

143 1128 488 1212 reperiret,
535 1126 770 1213 effecit,
813 1133 890 1193 ut
930 1128 1281 1211 imperator
1323 1150 1468 1194 cum
1523 1129 1804 1194 exercitu
1856 1129 1929 1193 in
1964 1127 2082 1193 Hi·

147 1213 444 1297 spaniam
474 1212 852 1296 mitteretur,
884 1233 1088 1295 eoque
1121 1232 1336 1278 secum
1380 1213 1564 1277 duxit
1602 1212 1808 1277 filium
1829 1211 2081 1278 Hanni·
2152 1252 2167 1289 x„
2276 1282 2283 1293 τ

146 1297 363 1362 halem
439 1317 754 1361 annorum
816 1304 1069 1362 novem.
1178 1301 1319 1363 erat
1388 1300 1722 1381 praeterea
1790 1318 1937 1361 cum
2001 1316 2077 1361 eo
2107 1309 2187 1371 2³»,
2250 1300 2275 1361 ὅ

148 1381 526 1446 adulescens
567 1380 853 1464 illustris,
890 1381 1232 1465 formosus,
1261 1380 1643 1464 Hasdrubal,
1733 1401 1881 1444 uem
1921 1400 2085 1445 non·
2188 1384 2247 1450 ξ’

148 1465 317 1530 nulli
368 1464 553 1550 diligi
604 1466 889 1550 turpius,
945 1487 1136 1550 quam
1247 1486 1319 1529 ar
1373 1469 1540 1549 erat,
1595 1466 1677 1531 ab
1823 1464 2083 1530 milcare
2189 1454 2223 1553 J

148 1550 611 1634 loquebantur:
676 1570 814 1614 non
869 1551 1040 1615 enim
1094 1571 1201 1614 ma
1228 1548 1391 1614 edici
1443 1552 1628 1615 tanto
1683 1550 1823 1613 viro
1868 1548 2084 1614 deesse
2167 1554 2223 1633 5‘:

149 1638 473 1718 poterant.
577 1655 704 1717 quo
758 1633 998 1699 factum
1067 1638 1165 1698 est
1226 1637 1301 1698 ut
1361 1655 1402 1697 a
1451 1632 1777 1717 praefecto
1831 1652 2086 1698 morum
2148 1636 2169 1715 j

150 1717 520 1783 Hasdrubal
578 1739 723 1782 cum
780 1739 856 1783 eo
900 1722 1226 1783 vetaretur
1269 1738 1425 1783 esse.
1513 1717 1666 1782 huic
1718 1716 1829 1782 ille
1882 1716 2084 1782 filiam
2242 1740 2249 1771 ι

151 1823 335 1869 suam
377 1802 450 1866 in
499 1803 980 1901 matrimonium
1036 1802 1239 1886 dedit,
1294 1800 1469 1886 quod
1519 1801 1806 1866 moribus
1861 1822 2083 1900 eorum

150 1884 1741 2056 tzssnlzzffltfeffissj‘’auzffefffflfffissssssgaab
1764 1886 1889 2035 {¹133
1911 1886 2085 2036 ἐξ).
2110 1897 2145 1947 ³

152 2057 313 2121 citui
354 2056 638 2141 praefuit
677 2077 904 2141 resque
945 2075 1213 2154 magnas
1256 2056 1455 2141 gessit
1519 2058 1585 2119 et
1623 2054 1922 2139 princeps
1964 2056 2086 2119 lar-

154 2142 408 2227 gitione
459 2144 748 2206 vetustos
799 2144 1110 2225 pervertit
1160 2160 1372 2205 mores
1425 2104 2085 2225 Karthaginiensium,

155 2223 569 2308 eiusdemque
612 2228 762 2309 post
802 2229 1075 2292 mortem
1104 2223 1434 2306 Hannibal
1476 2225 1559 2290 ab
1603 2224 1886 2289 exercitu
1916 2245 2088 2291 acce·

151 2311 256 2395 pit
298 2309 657 2392 imperium.

327 2396 422 2457 At
461 2392 818 2478 Hamilcar,
872 2398 1292 2479 posteaquam
1335 2414 1514 2458 maro
1550 2392 1810 2457 transiit
1861 2392 1931 2457 in
1973 2391 2089 2457 Hi·
2117 2390 2163 2453 4

39 2547 42 2566 i
154 2478 578 2564 spaniamque
609 2479 807 2563 venit,
831 2497 1100 2563 magnas
1128 2499 1231 2544 res
1263 2476 1540 2541 secunda
1567 2478 1766 2562 gessit
1791 2476 2086 2541 fortuna:

152 2562 470 2627 maximas
533 2562 1174 2647 bellicosissimasque
1238 2564 1462 2646 gentes
1522 2561 1810 2647 subegit,
1884 2560 2084 2646 equis,

154 2647 385 2729 armis,
452 2646 639 2729 viris,
703 2647 977 2730 pecunia
1037 2650 1243 2710 totam
1296 2645 1714 2728 locupletavit
1776 2643 2084 2710 Africam.

152 2733 265 2796 hic
311 2751 457 2796 cum
498 2731 570 2811 in
597 2730 850 2796 Italiam
894 2730 1135 2795 bellum
1164 2729 1403 2818 inferre
1432 2727 1865 2813 meditaretur,
1909 2750 2085 2793 nono
2116 2744 2148 2791 2

154 2818 333 2881 anno
397 2819 738 2963 postquam
801 2817 872 2880 in
923 2814 1304 2899 Hispaniam
1358 2817 1651 2896 venerat,
1716 2814 1788 2877 in
1839 2813 2087 2898 proelio

151 2919 803 3070 {ffiassgssmvegffgss
830 2899 1162 3048 {322222
1175 2897 2089 3048 ⁰3333⁹30n¹23222221025521
2117 2911 2152 2959 ³

153 3058 268 3135 tur
312 3068 663 3134 secundum
705 3068 944 3133 bellum
987 3067 1359 3134 Poenicum.
1433 3087 1710 3151 namque
1738 3064 2089 3149 Hannibal,

154 3154 336 3219 filius
364 3154 532 3238 eius,
577 3152 1077 3235 assiduispatris
1112 3151 1646 3218 obtestationibus
1692 3170 1768 3215 eo
1814 3153 1911 3215 est
1951 3170 2091 3233 per-

158 3240 421 3391 duaqtlzus,
495 3242 571 3302 ut
632 3238 896 3303 interire
964 3257 1156 3321 quam
1223 3235 1552 3301 Romanos
1615 3255 1752 3300 non
1816 3233 2091 3319 experiri

153 3346 224 3390 m
318 3328 403 3390 et.

2238 2699 2295 2738 V
