2409 3825
338 179 462 246 102
497 193 507 201 ·
916 190 1083 240 xxv.
1171 188 1488 240 Ar'rxcus.
1531 185 1587 237 4.
1624 185 1679 236 5.

333 329 626 397 nativum
669 325 988 412 quendam
1023 327 1311 411 leporem
1353 345 1510 409 esse,
1551 345 1690 393 non
1708 325 2022 392 ascitum
2092 322 2254 391 idem

332 416 633 499 poemata
683 411 1145 496 pronuntiabat
1197 414 1265 476 et
1316 407 1558 475 Graece
1615 413 1683 474 et
1731 407 1965 474 Latine
2016 410 2137 494 sic,
2190 413 2256 475 ut

247 496 307 561 '2
335 520 534 649 ἓζῗιτε,
572 495 740 562 nihil
771 499 989 580 posset
1016 495 1181 560 addi.
1256 495 1489 579 quibus
1531 492 1723 558 rebus
1763 494 2011 559 factum
2052 499 2153 560 est
2188 497 2257 559 ut

333 689 482 734 cum
524 665 851 731 deducere.
939 664 1052 749 qui
1094 684 1243 764 Q
1293 661 1676 747 persuadere
1731 665 2032 746 tentaret,
2086 662 2257 746 ‘noli‚

334 772 450 819 oro
491 754 608 816 te'-
638 749 853 833 inquit
904 748 1304 833 Pompomus
1359 746 1723 812 ‘adversum
1776 765 1887 812 eos
1941 767 2047 813 me
2102 745 2260 812 velle

334 835 586 918 ducere,
629 855 779 900 cum
820 832 1052 918 quibus
1103 853 1188 896 ne
1229 834 1460 897 ,contra
1500 834 1566 896 te
1609 852 1788 896 arma
1826 830 2096 914 ferrem,
2140 830 2260 896 Ita·

330 920 488 985 liam
528 918 804 1002 reliqui?
884 920 954 982 at
980 915 1162 982 Sulla
1189 915 1613 982 adulescentis
1653 914 1871 981 officio
1899 914 2259 982 collaudato

289 1008 294 1013 ’
332 1001 554 1152 gmnia
617 1023 937 1149 muneri—,ad
951 1001 1013 1147 eii
1027 1051 1046 1084 ‚
1109 1022 1276 1099 quae
1349 999 1628 1064 Athenis
1692 1003 2055 1085 acceperat,
2120 1004 2262 1086 pro·

381 1107 624 1154 ciscens
664 1107 824 1151 iussi
938 1106 971 1148 e
1002 1105 1146 1150 ern.

273 1184 307 1234 3
503 1169 630 1235 Hic
672 1169 1031 1255 complures
1060 1184 1270 1234 annos
1310 1170 1615 1252 moratus,
1661 1188 1807 1249 cm
1849 1170 1917 1232 et
1955 1167 2055 1232 rei
2081 1167 2262 1234 fami·

330 1254 478 1321 lis-ri
517 1257 774 1320 tantum
829 1275 867 1319 o
916 1273 1060 1318 erae
1103 1250 1311 1338 dant,
1368 1255 1682 1336 quantum
1735 1273 1872 1316 non
1914 1250 2262 1338 indiligens

333 1339 594 1406 deberet
631 1341 817 1424 pater
886 1337 1154 1422 amilius,
1198 1340 1267 1402 et
1294 1337 1513 1402 omnia
1538 1335 1789 1420 reliqua
1813 1338 2114 1421 tempora
2155 1340 2265 1401 aut

332 1412 564 1490 lit-'tens
593 1427 706 1489 aut
732 1421 1232 1488 Atheniensium
1257 1421 1353 1486 rei
1378 1420 1675 1506 publicae
1701 1420 2032 1505 tribueret,
2053 1420 2262 1487 nihilo

270 1519 307 1570 4
334 1508 549 1574 minus
590 1507 812 1574 amicis
864 1507 1113 1572 urbana
1166 1504 1381 1571 officia
1429 1504 1769 1589 praestitit.
1854 1524 2010 1570 nam
2064 1508 2135 1569 et
2186 1505 2265 1570 ad

332 1592 594 1659 comitia
636 1610 860 1658 eorum
900 1590 1246 1657 ventitavit
1293 1592 1387 1672 et,
1448 1589 1506 1654 si
1548 1610 1677 1674 qua
1714 1609 1819 1653 res
1871 1588 2080 1654 maior
2122 1593 2264 1654 acta

334 1680 450 1760 est,
493 1698 629 1742 non
658 1675 882 1741 defuit.
954 1675 1119 1740 sicut
1148 1672 1446 1740 Ciceroni
1487 1673 1559 1738 in
1603 1673 1901 1738 omnibus
1931 1673 2069 1738 eius
2098 1675 2262 1770 peri-

332 1761 493 1827 culis
522 1760 916 1845 singularem
942 1759 1134 1824 fidem
1155 1758 1455 1856 praebuit
1467 1780 1493 1845 z,
1514 1758 1619 1855 cui
1645 1778 1726 1821 ex
1752 1756 1963 1855 patria
1980 1756 2262 1855 fugienti

333 1845 695 1912 sestertium
747 1843 1022 1910 ducenta
1086 1846 1153 1908 et
1205 1845 1678 1928 quinquaginta
1729 1840 1912 1906 m1ha
1974 1840 2260 1907 donavit.

272 1940 305 1990 5
334 1928 768 2014 tranquillatis
821 1932 1038 1994 autem
1088 1928 1280 1992 rebus
1331 1926 1642 1992 Romanis
1708 1926 2085 2011 remigravit
2137 1925 2262 1993 Ro-

329 2033 533 2098 mam,
588 2016 665 2078 ut
719 2034 757 2078 o
803 2013 951 2078 inor
996 2012 1071 2077 L.
1117 2011 1311 2077 Cotta
1351 2011 1425 2076 L.
1469 2010 1799 2108 Torquato
1855 2010 2260 2077 consulibus:

329 2118 524 2183 quem
566 2096 735 2163 disce
779 2100 993 2163 entem
1035 2096 1127 2161 sic
1170 2096 1472 2161 universa
1508 2090 1733 2159 civ1tas
1764 2093 2260 2160 Atheniensium

325 2185 669 2279 prosecuta
723 2184 847 2264 est,
902 2184 978 2246 ut
1027 2180 1310 2246 lacrimis
1364 2178 1661 2244 desiderii
1714 2178 1918 2244 futuri
1972 2179 2261 2246 dolorem

256 2346 302 2414 5
328 2264 795 2413 mdmffffiebat
835 2318 1226 2413 avunculum
1268 2345 1343 2424 Q.
1391 2346 1759 2430 Caecilium,
1811 2347 2091 2432 equitem
2131 2345 2260 2413 Ro·

314 2451 623 2528 manum,
665 2430 1047 2498 familiarem
1089 2431 1164 2497 L.
1209 2431 1493 2515 Luculli,
1540 2430 1831 2515 divitem,
1880 2431 2262 2498 difficillima

479 605 517 647 a
557 602 878 666 nusquam
918 601 1067 646 eum
1110 580 1192 644 ab
1234 599 1303 645 se
1345 578 1699 643 dimiffieret
1739 582 2131 664 cuperetque
2170 598 2257 642 se-
2368 600 2372 631 τ

293 2535 316 2568 s
329 2520 591 2583 natura:
653 2515 834 2581 cuius
876 2518 970 2582 sic
1010 2516 1421 2601 asperitatem
1462 2516 1706 2581 veritus
1747 2518 1872 2598 est,
1917 2519 2021 2600 ut,
2066 2536 2253 2600 quem
2370 2517 2371 2540 ³

328 2621 520 2668 nemo
549 2600 719 2667 ferre
747 2604 982 2685 posset,
1025 2600 1219 2668 huius
1252 2601 1392 2665 sine
1424 2599 1777 2665 offensione
1821 2597 1901 2663 ad
1943 2619 2257 2665 summam

330 2688 724 2752 senectutem
752 2684 1093 2751 retinuerit
1116 2685 1651 2751 benevolentiam.
1727 2702 1854 2768 quo
1891 2682 2064 2750 facto
2104 2683 2258 2749 tulit
2370 2761 2371 2764 Ἴ

268 2782 303 2832 2
330 2770 590 2855 pietatis
631 2769 933 2835 fructum.
1007 2767 1322 2835 Caecilius
1352 2768 1526 2833 enim
1567 2768 1847 2833 moriens
1873 2770 2255 2834 testamento

331 2853 665 2938 adoptavit
705 2875 853 2920 eum
880 2852 1308 2938 heredemque
1336 2851 1492 2918 fecit
1519 2873 1598 2917 ex
1626 2851 1966 2918 dodrante:
2009 2872 2089 2917 ex
2127 2872 2259 2937 qua

268 2950 303 2999 8
330 2937 687 3006 hereditate
740 2937 988 3021 accepit
1040 2937 1294 3003 circiter
1349 2936 1589 3002 centies
1642 2935 2025 3002 sestertium.
2119 2940 2258 3003 erat

326 3026 538 3121 nupta
576 3041 761 3088 soror
787 3021 992 3119 Attici
1026 3020 1102 3097 Q.
1132 3020 1347 3087 Tullio
1379 3020 1695 3103 Ciceroni,
1740 3040 1971 3118 easque
1999 3019 2254 3119 nuptias
2370 3049 2371 3088 4

326 3105 417 3170 M.
464 3105 689 3173 Cicero
734 3105 1125 3190 conclharat,
1169 3125 1317 3170 cum
1359 3125 1488 3189 quo
1533 3127 1574 3170 a
1614 3103 2123 3188 cond1sc1pulatu
2162 3125 2254 3171 vi·
2369 3129 2371 3189 j

327 3187 523 3253 vebat
563 3188 1105 3286 coniunctissime²
1150 3189 1357 3255 multo
1402 3189 1600 3255 etiam
1639 3187 2024 3254 familiarius
2064 3209 2255 3274 quam

331 3287 479 3333 cum
522 3268 796 3355 Quinto,
853 3275 928 3337 ut
967 3272 1238 3338 iudicari
1278 3272 1486 3357 possit
1525 3273 1673 3358 plus
1713 3273 1786 3338 in
1829 3272 2112 3339 amicitia
2150 3294 2257 3339 va-
2370 3295 2372 3310 ¹

270 3355 307 3405 4
331 3347 462 3412 lere
506 3352 992 3421 similitudinem
1031 3376 1287 3421 morum
1330 3378 1524 3441 quam
1565 3357 1968 3422 affinitatem.
2041 3357 2255 3425 uteba·
2370 3367 2372 3420 l

328 3432 438 3492 tur
479 3436 694 3498 autem
734 3436 961 3502 intime
1018 3436 1093 3515 Q.
1136 3438 1520 3525 Hortensio,
1576 3441 1691 3525 qui
1730 3441 1813 3505 iis
1862 3442 2255 3528 temporibus
2370 3429 2371 3512 ζ
