2409 3825
901 205 1313 254 pessumo.
2024 190 2125 257 vn

168 361 289 423 125
308 407 322 435 ,
369 380 550 441 quam
580 358 1048 420 emendatricem
1079 378 1326 438 operam
1353 358 1483 419 ludi
1527 362 1716 421 satius
1749 382 1885 423 esse
1913 361 2122 422 videa-

159 455 295 521 tur;
320 446 466 506 mihi
497 452 658 503 certe
687 462 804 503 nec
828 449 1380 522 yrammaiicumspro
1413 450 1619 517 traqieo
1645 445 1957 505 Prellerus
1979 445 2123 505 ibid.

167 527 442 606 1846,.p.
474 525 572 599 43,
603 546 720 585 nec
751 535 992 599 tempore
1021 532 1226 601 trayico
1264 524 1545 587 Osannus
1588 528 1652 586 in
1684 529 1906 588 Philol.
1939 530 2015 587 Τ.
2042 530 2124 601 Π,

160 633 226 691 p.
260 608 383 672 384
419 609 729 689 probavit,
763 617 951 689 utque
992 609 1321 668 concedam
1363 611 1662 686 tragicum
1702 621 1946 690 poetam
1979 611 2123 671 Cor-

159 702 376 754 nutum
427 713 559 751 cum
599 691 930 751 Welckero
969 693 1196 769 griech.
1239 693 1543 770 Tragoed.
1589 715 1651 772 p.
1711 694 1870 754 1457
1913 695 2127 755 haberi

162 779 279 836 vix
317 795 526 855 posse,
583 775 736 835 illud
789 783 1022 848 tamen,
1070 775 1233 856 quod
1278 777 1373 835 rei
1407 777 1586 836 unice
1632 780 1957 838 convenire
1995 779 2127 855 jam

160 861 458 922 Pithoeus
488 859 820 931 intellexit,
852 858 1147 938 quomodo
1179 879 1313 918 cum
1340 859 1652 919 literarum
1682 862 1955 939 vestigiis
1987 881 2124 920 con·
2164 892 2168 896 ·

164 944 398 1015 ciliem,
440 961 623 1019 aegre
663 942 928 1001 invenio.
1014 942 1311 1007 Nimirum
1352 944 1566 1002 Stoicae
1603 953 1809 1004 sectae
1842 944 2128 1022 magister

164 1026 470 1087 Cornutus
503 1026 618 1084 fuit
665 1044 860 1105 eaque
895 1024 1215 1104 disciplina
1249 1026 1432 1086 etiam
1470 1025 1746 1085 Persium
1781 1028 1865 1086 ita
1898 1028 2126 1100 imbuit,

162 1118 235 1170 ut
254 1113 463 1188 neque
498 1108 681 1186 hujus
716 1110 931 1167 satiras
964 1110 1095 1168 sine
1138 1109 1302 1169 illius
1330 1108 1755 1188 philosophiae
1789 1112 2005 1171 notitia
2036 1112 2123 1169 in·

160 1192 447 1269 telligere
483 1192 680 1269 possis
720 1211 922 1271 neque
968 1190 1212 1251 Stoicae
1252 1192 1565 1252 doctrinae
1606 1194 1994 1266 sinceriorem
2034 1194 2124 1251 in·

160 1283 498 1353 terpretem
527 1275 709 1334 facile
739 1276 1048 1352 invenias;
1084 1276 1276 1350 immo·
1289 1275 1580 1353 plurimas
1613 1277 1743 1352 ejus
1772 1277 2123 1355 disputatio-

160 1378 278 1418 nes
317 1358 566 1436 propius
608 1357 688 1417 ad
734 1357 978 1418 scholae
1009 1366 1341 1436 praecepta
1386 1378 1566 1438 quam
1611 1359 1692 1416 ad
1731 1360 1920 1439 ipsius
1961 1360 2127 1418 vitae

159 1461 342 1504 usum
386 1439 680 1499 accedere
722 1440 888 1500 haud
924 1441 1218 1499 immerito
1262 1440 1521 1512 dixeris,
1565 1449 1756 1521 utque
1790 1462 2128 1502 sermonem

159 1524 366 1585 Eersii
394 1523 723 1582 innumeris
762 1524 827 1582 in
864 1523 1018 1582 locis
1064 1522 1144 1582 ad
1169 1523 1413 1582 Horatii
1453 1523 1848 1602 imitationem
1889 1525 2123 1583 confor-

159 1614 390 1668 matum
431 1625 567 1665 esse
609 1605 787 1665 docta
829 1605 1177 1665 Oasauboni
1222 1606 1494 1665 sollertia
1540 1608 1980 1686 comprobavit,
2039 1608 2126 1666 ita

161 1689 498 1751 sententias
519 1689 846 1768 plerasque
878 1688 1095 1750 iisdem
1116 1707 1316 1767 paene
1343 1688 1548 1748 verbis
1591 1690 1754 1768 apud
1780 1692 2126 1769 Epictetum

116 1777 119 1778 ⁷
161 1774 442 1852 aliosque
472 1780 748 1832 auctores
776 1770 1011 1830 Stoicos
1032 1771 1233 1832 redire
1263 1770 1535 1849 ejusdem
1565 1775 1972 1834 commentarii
1998 1792 2122 1830 ma-

160 1856 388 1919 nifesto
437 1863 714 1933 arguunt.
797 1853 980 1932 Quod
1022 1875 1144 1914 non
1183 1855 1250 1914 in
1289 1855 1788 1916 obtrectationem
1824 1857 1928 1918 vel
1969 1856 2121 1916 invi-

164 1941 330 2006 diam
381 1939 594 1998 Persio
653 1939 1028 1999 conflandam
1076 1938 1300 1999 dictum
1358 1946 1486 1998 esto
1503 1983 1517 2011 ‚
1577 1947 1866 2020 tanquam
1922 1940 2125 1999 aliena
2174 1991 2178 1995 .

160 2023 359 2100 magis
408 2042 588 2103 quam
622 2022 716 2082 sui
747 2023 978 2099 ingenii
1006 2023 1229 2081 virtute
1258 2023 1561 2100 poeticam
1593 2022 1838 2083 laudem
1868 2023 2123 2102 adeptus

163 2108 276 2182 sit3
315 2109 485 2183 cujus
528 2107 827 2184 ingenuus
858 2105 1061 2166 fervor
1098 2114 1160 2164 et
1186 2105 1573 2165 vehementia
1604 2108 1847 2168 summis
1879 2107 2120 2186 quibus-

165 2210 290 2272 que
307 2191 553 2251 ausibus
569 2199 712 2270 apta
734 2190 851 2250 hac
876 2190 1010 2268 ipsa
1032 2210 1100 2250 re
1129 2198 1404 2269 apparet,
1438 2188 1798 2268 quodetiam
1829 2210 1986 2271 quae
2018 2210 2121 2250 ex·

161 2275 464 2335 trinsecus
498 2282 846 2353 acceperat,
881 2275 968 2333 ita
998 2275 1061 2333 in
1095 2293 1340 2333 succum
1381 2281 1442 2332 et
1484 2275 1841 2350 sanguinem
1872 2293 2120 2333 conver-

160 2359 266 2430 tit,
300 2366 367 2416 ut
393 2357 515 2417 nisi
551 2357 797 2417 aliunde
828 2356 1028 2417 edocti
1062 2358 1261 2417 omnia
1296 2357 1487 2436 ipsius
1517 2357 1769 2416 inventa
1818 2358 2121 2417 existima-

160 2458 396 2516 remus3
426 2441 544 2500 hoc
571 2449 776 2500 tamen
804 2440 978 2501 salvo
1018 2442 1151 2517 ejus
1188 2440 1418 2499 honore
1450 2440 1818 2500 contendere
1858 2441 2005 2499 mihi
2031 2441 2120 2499 vi-

165 2524 342 2596 deor,
372 2532 616 2603 poetam
648 2524 819 2582 illum
851 2542 889 2581 a
917 2533 1155 2596 natura,
1186 2524 1496 2582 satiricum
1537 2523 1613 2581 ab
1648 2532 1778 2583 arte
1819 2525 2020 2603 potius
2063 2532 2126 2583 et

162 2608 375 2672 schola
404 2606 629 2667 factum
659 2627 814 2667 esse.
1841 2674 1848 2683 Χ

231 2692 237 2697 ’
338 2688 464 2748 Sed
501 2699 570 2749 ut
610 2711 690 2749 ex
720 2690 1077 2750 diverticulo
1120 2691 1185 2750 in
1227 2691 1390 2749 viam
1429 2688 1704 2762 redeam,
1739 2695 1943 2748 amicos
1970 2690 2120 2749 Per-

165 2775 294 2834 sius
317 2775 505 2833 habuit
521 2794 558 2837 a
579 2779 767 2846 prima
787 2777 1149 2833 adolescentia
1173 2777 1419 2834 Caesium
1434 2777 1675 2832 Bassum
1689 2783 1932 2847 poetam,
1945 2793 2125 2852 quem

164 2857 362 2916 solum
389 2855 802 2933 Quintilianus
835 2858 919 2915 X.
959 2857 1015 2915 1.
1048 2857 1127 2918 96
1164 2858 1410 2940 dignum
1441 2854 1746 2932 judicavit
1780 2858 1885 2937 qui
1923 2857 2119 2915 Hora-

162 2940 251 2999 tio
295 2939 690 3018 adjiceretur,
734 2949 785 2999 et
823 2945 1180 3013 Calpurnium
1228 2943 1507 2999 Staturam
1547 2940 1651 2999 vel
1694 2949 1761 2999 ut
1812 2939 2119 3000 Oasaubo-

164 3042 282 3082 nus
315 3023 528 3082 maluit
557 3026 807 3095 Suram,
825 3029 923 3098 qui
948 3029 1063 3084 vivo
1091 3041 1154 3082 eo
1172 3029 1399 3098 juvenis
1430 3027 1673 3095 decessit,
1704 3023 1866 3083 idem
1897 3031 2119 3094 tamen,

164 3108 220 3166 si
252 3104 534 3185 Sarpium
563 3106 837 3166 audimus
866 3105 1118 3183 Quaest.
1146 3108 1361 3185 philol.
1391 3127 1453 3185 Ρ.
1490 3105 1554 3163 11
1586 3126 1740 3185 sqq,
1779 3106 2122 3183 eclogarum

113 3262 119 3267 .
165 3190 452 3267 scriptor,
513 3209 671 3269 quae
729 3210 893 3249 nunc
937 3189 1253 3273 Calpurnii
1304 3189 1495 3249 Siculi
1545 3191 1787 3249 nomine
1828 3189 2119 3260 feruntur,

166 3292 514 3363 quanquam
533 3273 598 3332 id
626 3281 1021 3347 commentum
1044 3293 1240 3352 nuper
1251 3273 1487 3333 idoneis
1504 3272 1873 3349 argumentis
1887 3272 2117 3350 impug-

164 3364 374 3414 natum
405 3365 525 3432 est3
560 3358 721 3415 coluit
748 3364 949 3417 autem
967 3365 1028 3414 ul
1045 3365 1268 3429 patrem
1296 3359 1581 3416 Servilium
1608 3360 1935 3424 Nonianum,
1955 3356 2116 3434 prin-

168 3440 366 3518 cipem
392 3441 672 3512 civitatis,
702 3448 769 3498 ut
799 3439 1140 3518 appellatur
1170 3459 1208 3498 a
1236 3440 1436 3499 Plinio
1463 3439 1545 3497 N.
1567 3438 1797 3496 Hister.
1812 3438 2115 3496 XXVIII.

173 3524 231 3596 5,
274 3544 452 3602 quem
493 3533 554 3583 et
597 3542 826 3582 morum
874 3523 1178 3602 probitate
1223 3531 1283 3582 et
1334 3520 1577 3581 dicendi
1624 3519 1916 3579 facultate
1960 3520 2084 3578 inte
