2409 3825
336 138 422 204 66
890 152 1063 201 xvn.
1130 151 1535 201 AeESILAus.
1582 149 1628 197 1.
1672 149 1722 198 π.

855 389 1084 465 XVII.
1188 389 1736 467 AGESILAUS.

267 545 302 606 1
503 540 844 628 Agesilaus
875 539 1418 605 Lacedaemonius
1460 560 1607 605 cum
1650 561 1691 603 a
1732 538 1959 606 ceteris
1999 542 2271 626 scripto-

337 626 546 710 ribus,
605 631 747 690 tum
790 625 1018 689 eximie
1074 647 1113 688 a
1151 623 1586 708 Xenophonte
1647 621 1971 690 Socratico
2030 625 2271 691 collau-

275 710 527 779 zdatus
571 714 698 775 est:
744 729 819 773 eo
864 710 1036 773 enim
1079 730 1232 772 usus
1276 712 1374 773 est
1413 707 1927 774 familiarissime.
2000 710 2117 775 hic
2140 711 2272 794 pri-

335 817 517 860 mum
558 795 652 872 de,
677 813 878 878 regno
924 814 1070 857 cum
1110 791 1522 891 Leotychide,
1564 792 1780 857 fratris
1835 793 1991 876 filie,-
2036 792 2276 859 habuit

337 879 839 951 contentionem.
923 898 1068 942 mos
1110 881 1248 942 erat
1291 898 1464 941 emm
1506 898 1545 941 a
1572 877 1922 942 maioribus
1950 877 2272 945 Lacedae-
2368 878 2369 893 ³

332 962 571 1027 moniis
613 960 906 1045 traditus,
949 966 1026 1026 ut
1067 962 1227 1026 duos
1270 961 1584 1027 haberent
1624 982 1758 1026 sem
1804 983 1875 1025 er
1901 983 2102 1046 regeS,
2152 985 2273 1029 no—

335 1047 509 1110 mine
550 1067 658 1109 ma
708 1045 721 1059 '
802 1066 994 1129 quam
1022 1046 1315 1129 imperio,
1361 1068 1439 1110 ex
1468 1046 1712 1123 duabus
1782 1046 2016 1110 amiliis
2044 1045 2272 1113 Procli

334 1134 403 1194 et
441 1129 651 1214 Eurys
729 1130 866 1194 enis
877 1180 896 1212 ,
948 1131 1060 1213 qui
1102 1131 1425 1214 principes
1481 1151 1560 1195 ex
1610 1131 1921 1215 progenie
1967 1129 2275 1196 Herculis

274 1226 309 1275 3
338 1213 606 1297 Spartae
649 1234 830 1299 reges
873 1214 1155 1278 fuerunt.
1243 1214 1477 1279 horum
1520 1234 1599 1278 ex
1640 1214 1843 1278 altera
1883 1216 1955 1278 in
1998 1214 2272 1280 alterius

333 1298 617 1363 familiae
658 1299 873 1363 locum
912 1298 1053 1362 fieri
1094 1320 1232 1363 non
1286 1299 1549 1363 licebat:
1614 1299 1708 1363 ita
1747 1302 2020 1382 utraque
2073 1321 2271 1364 suum

334 1383 658 1447 retinebat
723 1382 1033 1448 ordinem.
1140 1384 1421 1466 primum
1472 1383 1639 1447 ratio
1695 1382 2082 1466 habebatur,
2198 1386 2270 1448 ui

333 1469 650 1532 maximus
692 1471 850 1532 natu
893 1471 1059 1532 esset
1100 1489 1177 1531 ex
1219 1467 1440 1532 liberis
1481 1468 1636 1549 eius,
1680 1466 1792 1551 qui
1834 1487 2114 1563 regnans
2150 1406 2269 1532 ‹de—

335 1552 655 1617 cessisset:
719 1553 821 1616 sin
863 1553 921 1616 is
960 1552 1214 1616 virilem
1256 1573 1478 1616 sexum
1517 1573 1654 1616 non
1695 1551 2077 1635 reliqulsset,
2118 1555 2269 1617 tum

273 1648 309 1696 4
338 1636 754 1721 deligebatur,
800 1637 913 1720 qui
940 1636 1268 1720 proximus
1311 1639 1479 1700 esset
1507 1636 2007 1719 propinquitate.
2050 1664 2067 1721 ς
2093 1658 2268 1702 mor-

332 1725 483 1785 tuus
527 1724 665 1785 erat
692 1721 856 1805 Agis
898 1741 1029 1804 rex,
1072 1720 1273 1785 frater
1316 1720 1632 1805 Agesilai:
1675 1720 1881 1784 filium
1912 1720 2271 1805 reliquerat

331 1803 811 1889 Leotychidem.
910 1826 1098 1889 quem
1152 1804 1264 1869 ille
1306 1809 1533 1869 natum
1584 1824 1723 1869 non
1763 1808 2059 1889 agnorat,
2110 1827 2268 1870 eun—

334 1888 481 1953 dem
522 1890 802 1954 moriens
845 1910 1032 1955 suum
1076 1910 1211 1955 esse
1241 1889 1503 1955 dixerat.
1576 1889 1632 1953 is
1676 1888 1752 1953 de
1795 1888 2045 1955 honore
2060 1892 2267 1976 regni

333 1994 479 2037 cum
507 1975 831 2060 Agesilao,
874 1978 1105 2060 patruo
1142 1996 1279 2057 su0,
1324 1973 1673 2056 contendit,
1717 1994 1926 2058 neque
1954 1973 2040 2058 id,
2088 1975 2267 2058 quod

135 2075 162 2082 ··
271 2069 305 2118 5
382 2058 593 2141 etivit‚
647 2062 1023 2123 consecutus
1067 2064 1181 2123 est.
1277 2081 1430 2122 nam
1471 2057 1801 2142 Lysandro
1845 2058 2263 2144 suffragante,

329 2080 1747 2311 Ξῖῖὲᾙθεᾷὲιεεῖζῗξᾱξῑεᾞῑῑὸξῑεῇεῑε
1792 2144 1858 2208 ⁶¹⁵
1899 2142 1979 2207 ἥδ
2012 2147 2266 2252 a...

256 2309 300 2372 2
571 2309 623 2372 ‘c
680 2275 1064 2393 simulatque
1102 2303 1378 2395 'imperii
1434 2311 1679 2395 potitus
1736 2314 1843 2382 ,est
1853 2361 1872 2396 ,
1938 2314 2267 2396 persuasit

192 2402 196 2406 ’
330 2390 851 2458 Lacedaemoniis
893 2397 969 2459 ut
1010 2398 1324 2460 exercitus
1368 2396 1735 2460 emitterent
1774 2397 1847 2460 in
1872 2396 2100 2460 Asiam
2127 2398 2267 2462 bel-

328 2476 590 2561 lumque
646 2499 713 2542 re
766 2478 780 2491 '
838 2477 1153 2562 facerent,
1221 2480 1456 2544 docens
1520 2479 1721 2544 satius
1784 2500 1920 2544 esse
1973 2480 2048 2544 in
2101 2483 2269 2547 Asia

330 2584 524 2645 quam
590 2562 661 2627 in
773 2584 978 2648 uropa
1030 2563 1338 2628 dimicari.
1442 2585 1720 2647 namque
1779 2563 1955 2628 fama
2013 2565 2267 2630 exierat

327 2649 731 2711 Artaxerxen
760 2668 1127 2731 comparare
1170 2647 1399 2713 classes
1427 2647 1877 2733 pedestresque
1920 2650 2261 2733 exercitus,

267 2742 302 2789 2
334 2753 495 2815 quos
561 2733 633 2797 in
698 2730 1032 2796 Graeciam
1093 2733 1396 2796 mitteret.
1484 2731 1634 2797 data
1695 2736 2011 2816 potestate
2074 2736 2263 2799 tanta

326 2816 652 2880 celeritate
706 2837 859 2881 usus
914 2820 1040 2900 est,
1096 2819 1170 2879 ut
1223 2817 1402 2899 prius
1458 2816 1528 2880 in
1572 2816 1798 2881 Asiam
1852 2838 1997 2881 cum
2052 2818 2259 2902 copiis

378 2901 725 2983 ervenerit,
791 2921 984 2984 quam
1040 2900 1203 2984 regii
1269 2904 1561 2983 satrapae
1621 2922 1768 2965 eum
1821 2901 2061 2966 scirent
2111 2924 2261 2986 pro-

361 2988 591 3049 ectum.
693 3006 821 3067 quo
873 2977 1117 3048 Factum
1172 2987 1271 3048 est
1324 2987 1400 3048 ut
1453 3005 1676 3049 omnes
1728 2986 1816 3049 im
1863 2989 2075 3050 aratos
2141 2986 2262 3051 im·

267 3080 301 3128 3
328 3068 800 3151 prudentesque
826 3067 1191 3132 offenderet.
1260 3068 1327 3131 id
1355 3072 1430 3132 ut
1450 3069 1759 3153 cognovit
1839 3070 1960 3134 'ssa
2002 3068 2261 3154 hernes,

328 3151 446 3230 qui
470 3173 791 3215 summum
817 3151 1157 3234 imperium
1185 3155 1327 3215 tum
1370 3151 1539 3216 inter
1578 3152 1936 3237 praefectos
2063 3153 2263 3220 bebat

327 3233 562 3312 regios,
605 3233 893 3297 inducias
937 3256 976 3297 a
1017 3235 1273 3299 Lacone
1316 3236 1576 3320 petivit,
1643 3237 1950 3301 simulans
1994 3258 2063 3301 se
2105 3237 2261 3304 dare

330 3311 2264 3489 {argaizffzzzffissnssssszsffieza{simii

1564 3452 1585 3487 ,
2368 3453 2369 3472 A
