2409 3825
342 187 463 251 158
1143 238 1158 250 s
1304 183 1356 242 V

510 350 818 426 corripiunt
846 346 1031 423 divum
1059 349 1320 426 percussi
1342 346 1590 407 membra
1611 348 1811 407 timore
1827 392 1846 424 e

508 432 718 511 nequid
741 431 814 491 ob
837 431 1138 491 admissum
1167 430 1339 491 foede
1369 431 1652 491 dictumve
1681 431 1931 508 superbe

513 533 820 594 poenarum
848 532 1025 591 grave
1051 517 1122 574 sit
1146 514 1406 576 solvendi
1433 523 1658 593 tempus
1682 510 1978 573 adultum?
2380 570 2383 601 ἢ

514 617 726 661 summa
748 600 913 659 etiam
940 616 1067 661 cum
1095 600 1182 658 vis
1203 597 1437 658 violenti
1463 615 1569 676 per
1590 615 1743 657 mare
1765 599 1918 656 venti

353 694 480 748 1225
511 684 965 760 induperatorem
996 681 1197 743 classis
1223 699 1396 759 super
1415 699 1664 759 aequora
1695 682 1867 740 verrit

513 786 640 828 cum
662 766 861 826 validis
885 767 1094 841 pariter
1116 765 1438 842 legionibus
1461 774 1633 844 atque
1659 763 2010 842 elephantiS‚

512 869 624 910 non
654 850 840 908 divom
860 867 1063 926 pacem
1090 851 1239 910 votis
1261 849 1375 909 adit
1401 866 1471 909 ac
1498 866 1678 927 prece
1706 849 1927 926 quaesit

513 943 807 994 ventorum
831 932 1064 1010 pavidus
1097 949 1270 1010 paces
1290 934 1615 1010 animasque
1641 931 1918 992 secundas
1935 974 1954 1005 ,

512 1018 880 1094 neqquuam‚
914 1018 1173 1094 quoniam
1193 1015 1446 1076 violento
1474 1018 1696 1075 turbine
1719 1033 1896 1093 saepe

351 1111 483 1164 1230
514 1110 810 1178 correptus
839 1099 953 1157 nilo
983 1097 1164 1159 fertur
1184 1102 1365 1159 minus
1385 1098 1456 1159 ad
1479 1098 1617 1160 vada
1638 1095 1775 1160 leti?

513 1202 694 1262 usque
716 1183 859 1243 adeo
881 1201 977 1245 res
999 1182 1265 1243 humanas
1293 1186 1379 1244 vis
1400 1182 1586 1243 abdita
1612 1182 1882 1260 quaedam
2382 1244 2383 1247 Ἴ

499 1268 756 1346 opterit,
782 1276 840 1327 et
863 1266 1135 1344 pulchros
1159 1267 1333 1327 fascis
1356 1285 1667 1346 saevasque
1690 1283 1928 1326 secures
2262 1341 2275 1345 ‚

515 1349 851 1430 proculcare
873 1369 943 1410 ac
965 1349 1205 1410 ludibrio
1232 1350 1337 1410 sibi
1358 1349 1572 1410 habere
1600 1350 1837 1410 videtur.

514 1436 756 1512 denique
780 1433 885 1494 sub
912 1434 1150 1512 pedibus
1172 1433 1346 1494 tellus
1371 1451 1496 1493 cum
1517 1443 1631 1494 tota
1660 1430 1886 1491 vacillat

350 1528 482 1581 1235
517 1534 947 1595 concussaeque
978 1517 1181 1577 cadunt
1204 1517 1378 1577 urbes
1406 1516 1721 1595 dubiaeque
1743 1517 2052 1591 minantur,

518 1602 649 1679 quid
671 1603 865 1660 mirum
880 1646 897 1678 ‚
929 1603 977 1660 si
999 1620 1063 1661 se
1086 1611 1343 1661 temnunt
1365 1600 1616 1660 mortalia
1646 1599 1838 1661 saecla

502 1697 684 1763 ‚atque
713 1686 1011 1762 potestatis
1040 1680 1269 1761 magnas
1297 1685 1576 1761 mirasque
1599 1685 1920 1761 relinquunt

514 1771 569 1828 in
590 1768 762 1831 rebus
783 1770 918 1827 viris
941 1767 1159 1844 divum,
1185 1787 1330 1846 quae
1362 1776 1562 1828 cuncta
1592 1763 1951 1845 gubernent?
2382 1826 2383 1829 ,

600 1851 765 1926 Quod
789 1863 1073 1931 superest,
1096 1870 1195 1913 aes
1218 1862 1389 1930 atque
1413 1870 1606 1913 aurum
1629 1851 1954 1928 ferrumque
1978 1860 2322 1930 repertumst

351 1945 484 1999 1240
515 1946 574 1996 et
604 1935 763 1995 simul
794 1938 1012 2013 argenti
1035 1935 1255 2015 pondus
1274 1936 1606 2015 plumbique
1635 1944 1925 2015 potestas,

515 2021 662 2096 ignis
683 2020 778 2078 ubi
802 2021 1049 2097 ingentis
1074 2019 1246 2080 silvas
1266 2020 1470 2079 ardore
1500 2029 1773 2080 cremarat

514 2103 795 2163 montibus
819 2105 872 2162 in
896 2105 1145 2181 magnis,
1172 2123 1276 2164 seu
1301 2103 1465 2163 caelo
1488 2101 1720 2164 fulmIne
1750 2104 1924 2161 misso
1941 2148 1960 2179 ‚

517 2188 640 2246 sive
663 2186 812 2264 quod
836 2189 981 2246 inter
1002 2205 1067 2247 se
1089 2186 1303 2247 bellum
1328 2186 1595 2248 silvestre
1618 2195 1890 2264 gerentes

515 2267 774 2329 hostibus
804 2268 1103 2330 intulerant
1126 2272 1319 2348 ignem
1347 2270 1655 2331 formidinis
1680 2286 1852 2346 ergo,

353 2361 484 2415 1245
518 2354 639 2412 sive
666 2352 816 2430 quod
837 2352 1047 2414 inducti
1075 2362 1262 2415 terrae
1287 2354 1535 2414 bonitate
1565 2353 1832 2414 volebant

517 2434 763 2511 pandere
786 2453 956 2514 agros
981 2439 1207 2515 pinguis
1237 2447 1295 2497 et
1324 2455 1534 2514 pascua
1563 2437 1804 2499 reddere
1824 2453 1953 2493 rura
1969 2481 1988 2512 ,

517 2521 638 2578 sive
661 2516 812 2580 feras
841 2521 1166 2581 interlicere
1189 2530 1249 2581 et
1271 2520 1558 2581 ditescere
1588 2520 1822 2601 praeda:

514 2621 636 2662 nam
659 2602 826 2663 fovea
847 2614 1016 2681 atque
1040 2606 1158 2681 igni
1179 2605 1335 2682 prius
1358 2614 1446 2665 est
1464 2607 1725 2665 venarier
1745 2613 1927 2662 ortum

514 2705 678 2764 quam
702 2689 925 2764 saepire
948 2687 1130 2764 plagis
1163 2687 1365 2749 saltum
1389 2689 1734 2766 canibusque
1767 2688 1940 2747 ciere.
1992 2760 1999 2764 ,
2378 2717 2379 2748 ι

350 2781 482 2833 1250
516 2768 784 2848 quidquid
806 2771 863 2830 id
885 2781 975 2831 est
991 2815 1009 2847 ‚
1042 2788 1396 2849 quacumque
1418 2789 1452 2831 e
1477 2790 1646 2832 causa
1668 2771 1957 2830 flammeus
1985 2771 2156 2831 ardor

513 2853 767 2913 horribili
790 2856 975 2915 sonitu
1006 2853 1177 2915 silvas
1202 2855 1473 2915 exederat
1493 2855 1622 2915 altis

511 2938 581 2996 ab
604 2935 887 2999 radicibus
911 2948 969 2999 et
991 2947 1197 2997 terram
1222 2949 1563 3014 percoxerat
1585 2939 1732 3015 igni,

512 3020 763 3080 manabat
789 3023 949 3082 venis
970 3021 1324 3083 ferventibus
1346 3024 1403 3081 in
1426 3021 1553 3082 loca
1576 3031 1762 3082 terrae

515 3107 764 3162 concava
794 3107 1139 3165 conveniens
1165 3107 1386 3181 argenti
1410 3107 1562 3166 rivus
1593 3116 1650 3165 et
1670 3106 1822 3179 auri,

354 3196 483 3247 1255
515 3187 663 3245 aeris
685 3187 820 3244 item
841 3197 899 3246 et
928 3186 1159 3262 plumbi.
1187 3205 1332 3266 quae
1364 3203 1491 3246 cum
1521 3197 1790 3248 concreta
1818 3186 2090 3247 videbant

516 3269 801 3342 posterius
826 3267 977 3329 claro
1001 3271 1057 3329 in
1084 3279 1234 3329 terra
1260 3269 1564 3349 splendere
1592 3270 1825 3348 colore,
2376 3309 2377 3322 κ

514 3347 790 3408 tollebant
815 3350 988 3410 nitido
1012 3353 1159 3428 capti
1180 3352 1411 3430 levique
1434 3351 1670 3430 lepore,

517 3441 574 3488 et
598 3430 762 3489 simili
783 3430 1013 3492 formata
1035 3434 1301 3494 videbant
1322 3454 1455 3497 esse
1486 3437 1662 3512 figura
