2409 3825
1114 178 1174 242 11.

290 362 349 412 et
378 353 580 430 nigros
607 351 729 412 [ieri
756 350 920 428 nigro
943 347 1014 408 de
1038 350 1254 407 semine
1283 365 1500 424 cycnos

154 444 266 500 825
296 447 391 497 aut
415 435 529 495 alio
555 436 761 515 quovis
784 450 896 493 uno
921 434 1193 511 varioque
1220 432 1435 492 colore.

379 519 529 592 Quin
552 522 721 579 etiam
752 526 960 616 quanto
986 518 1042 576 in
1066 526 1261 596 partes
1286 534 1383 576 res
1409 535 1670 596 quaeque
1694 499 1931 577 minutas

292 603 620 665 distrahitur
645 604 825 680 magis
841 647 859 678 ,
884 601 996 661 hoc
1019 602 1197 677 magis
1226 610 1397 661 estut
1423 619 1662 661 cernere
1687 604 1876 680 possis

294 706 652 750 evanescere
676 686 940 766 paulatim
963 686 1289 765 stinguique
1314 685 1599 754 colorem;

294 784 356 834 ut
383 773 442 834 fit
465 774 561 833 ubi
583 775 639 831 in
663 789 866 850 parvas
894 771 1068 849 partis
1094 768 1438 847 discerpitur
1463 789 1570 829 usu

158 865 271 920 830
292 874 576 937 purpura,
600 858 1034 935 poeniceusque
1060 853 1225 913 color
1248 852 1578 914 clarissimu’
1602 855 1801 931 multo,

295 941 490 1001 filatim
512 959 636 1001 cum
661 941 928 1001 distracta
949 948 1074 1016 est,
1101 937 1447 1016 dispergitur
1468 940 1646 999 omnis
1666 961 1681 1008 ;

293 1043 544 1086 noscere
568 1034 628 1084 ut
650 1024 781 1084 hinc
802 1024 993 1101 possis
1020 1024 1177 1101 prius
1201 1041 1422 1082 omnem
1446 1022 1643 1083 efflare
1672 1023 1924 1084 colorem

292 1108 635 1189 particulas,
662 1126 825 1189 quam
850 1107 1142 1168 discedant
1166 1107 1235 1166 ad
1269 1108 1480 1167 semina
1505 1125 1710 1168 rerum.

380 1193 679 1254 Postremo
703 1193 965 1272 quoniam
993 1208 1107 1251 non
1138 1193 1320 1251 omnia
1345 1208 1585 1269 corpora
1609 1210 1813 1253 vocem

161 1285 272 1341 835
293 1279 520 1338 mittere
545 1277 817 1338 concedis
841 1293 1029 1354 neque
1054 1271 1290 1336 odorem
1306 1286 1656 1355 ‚propterea
1685 1278 1743 1337 fit

295 1371 494 1422 utnon
518 1362 774 1423 omnibus
797 1360 1081 1421 adtribuas
1103 1362 1323 1420 sonitus
1354 1370 1412 1421 et
1437 1360 1677 1421 odores:

294 1449 381 1508 sic
411 1445 596 1507 oculis
623 1448 883 1525 quoniam
904 1463 1016 1504 non
1040 1446 1221 1504 omnia
1248 1463 1487 1504 cernere
1515 1447 1768 1524 quimus,

295 1533 447 1591 scire
472 1530 608 1591 licet
637 1529 909 1609 quaedam
929 1538 1040 1589 tam
1070 1538 1333 1590 constare
1362 1530 1500 1589 orba
1523 1529 1721 1590 colore

296 1633 461 1693 quam
484 1617 607 1674 sine
631 1614 809 1674 odore
834 1612 951 1673 ullo
976 1613 1249 1692 quaedam
1271 1615 1574 1693 sonituque
1598 1625 1813 1675 remota
1828 1660 1844 1690 ‚

159 1707 273 1761 840
293 1718 405 1759 nec
425 1701 608 1758 minus
630 1697 776 1759 haec
798 1699 1038 1758 animum
1064 1715 1425 1776 cognoscere
1447 1715 1625 1776 posse
1650 1715 1914 1776 sagacem

293 1801 461 1862 quam
488 1801 632 1862 quae
665 1792 794 1843 sunt
816 1781 939 1842 aliis
963 1781 1136 1842 rebus
1160 1784 1377 1861 privata
1399 1791 1614 1843 notare.

377 1866 495 1928 Sed
514 1886 587 1928 ne
610 1865 760 1928 forte
784 1875 952 1947 putes
975 1866 1105 1928 solo
1129 1866 1372 1946 spoliata
1394 1866 1591 1929 colore

297 1969 542 2031 corpora
562 1955 738 2031 prima
758 1969 985 2012 manere
1002 1997 1020 2029 ,
1058 1953 1227 2013 etiam
1254 1961 1483 2012 secreta
1505 1953 1721 2031 teporis

293 2046 424 2096 sunt
445 2053 513 2096 ac
538 2036 767 2115 frigoris
792 2038 1016 2096 omnino
1044 2035 1324 2116 calidique
1346 2039 1574 2117 vaporis
1592 2083 1611 2115 ‚

155 2130 265 2185 845
290 2131 349 2181 et
378 2122 566 2181 sonitu
590 2121 786 2181 sterila
814 2131 873 2181 et
902 2138 1044 2180 suco
1068 2121 1256 2182 ieiuna
1276 2122 1566 2197 feruntur,

292 2222 407 2264 nec
427 2206 636 2265 iaciunt
663 2204 838 2264 ullum
861 2206 1096 2284 proprio
1119 2205 1191 2266 de
1221 2223 1466 2283 corpore
1492 2205 1741 2265 odorem.

290 2291 441 2349 sicut
465 2291 760 2349 amaracini
782 2287 1044 2348 blandum
1071 2298 1402 2369 stactaeque
1426 2289 1704 2369 liquorem

292 2383 354 2433 et
374 2372 532 2432 nardi
555 2372 753 2433 florem
768 2419 786 2449 ,
812 2381 1010 2433 nectar
1030 2374 1124 2452 qui
1146 2375 1374 2435 naribus
1398 2373 1547 2434 halat
1562 2420 1579 2451 ,

290 2474 422 2518 cum
445 2455 639 2517 facere
661 2459 953 2534 instituas,
981 2475 1107 2516 cum
1130 2459 1325 2536 primis
1350 2476 1625 2537 quaerere
1650 2476 1751 2537 par
1773 2468 1861 2518 est
1878 2504 1900 2535 ,

152 2550 263 2605 850
288 2540 475 2620 quoad
496 2539 634 2601 licet
655 2558 724 2601 ac
752 2543 903 2620 potis
929 2560 994 2601 es
1021 2543 1315 2620 reperire,
1350 2542 1615 2603 inolentis
1642 2539 1776 2601 olivi

290 2634 577 2704 naturam,
600 2623 809 2684 nullam
832 2642 977 2706 quae
1008 2628 1186 2686 mittat
1214 2626 1440 2686 naribus
1464 2642 1651 2685 auram
1667 2670 1684 2701 ,

236 2705 461 2787 quam
482 2710 708 2769 mInime
736 2717 796 2768 ιιι
820 2711 1005 2787 possit
1027 2711 1236 2770 mixtos
1260 2711 1315 2770 in
1341 2726 1585 2788 corpore
1612 2708 1822 2768 odores

289 2802 726 2872 concoctosque
749 2809 854 2854 suo
881 2802 1238 2854 contractans
1262 2794 1508 2874 perdere
1535 2794 1656 2852 viro
1676 2838 1692 2868 ‚

289 2885 529 2956 propter
552 2877 790 2937 eandem
810 2896 939 2937 rem
965 2877 1177 2937 debent
1199 2877 1502 2957 primordia
1526 2895 1714 2937 rerum

159 2969 265 3024 855
285 2979 401 3022 ιιοιι
429 2960 702 3021 adhibere
727 2980 890 3022 suum
914 2961 1216 3039 gignundis
1238 2964 1412 3022 rebus
1437 2961 1671 3022 odorem
1687 3007 1705 3039 ‚

286 3063 399 3106 nec
429 3047 706 3123 sonitum,
738 3046 999 3125 quoniam
1021 3044 1097 3105 nil
1124 3045 1194 3105 ab
1219 3065 1286 3107 se
1307 3048 1531 3106 mittere
1554 3055 1829 3125 possunt,

286 3148 398 3190 nec
422 3128 591 3190 sImili
611 3130 830 3190 ratione
864 3146 1128 3210 saporem
1152 3130 1397 3210 denique
1423 3148 1758 3211 quemquam

284 3231 397 3275 nec
422 3213 604 3292 frigus
626 3232 816 3293 neque
839 3216 974 3274 item
999 3212 1240 3274 calidum
1260 3215 1627 3294 tepidumque
1650 3230 1919 3292 vaporem
1935 3259 1954 3287 ‚

285 3306 515 3366 cetera;
538 3316 685 3377 quae
710 3316 837 3358 cum
858 3299 933 3358 ita
960 3307 1088 3358 sunt
1111 3308 1301 3359 tamen
1328 3309 1388 3359 ut
1410 3298 1662 3359 mortalia
1688 3304 1986 3371 constent,

156 3389 261 3446 860
280 3380 440 3441 molli
464 3381 619 3442 lenta
639 3428 657 3460 ‚
688 3382 919 3459 fragosa
942 3383 1126 3460 putri,
1154 3399 1294 3444 cava
1320 3401 1565 3462 corpore
1591 3397 1718 3440 raro
1737 3424 1753 3454 ‚

285 3467 472 3527 omnia
499 3468 612 3526 sint
633 3483 666 3525 a
694 3466 989 3545 principiis
1014 3467 1273 3526 seiuncta
1293 3475 1633 3537 necessest,
