2409 3825
1154 190 1237 250 111
2117 190 2201 256 81

303 387 344 412 ι
365 371 427 422 ιιι
455 361 618 421 cibus
633 405 651 437 ‚
687 359 743 418 in
772 359 1021 419 membra
1045 369 1214 436 atque
1243 368 1399 420 artus
1423 377 1549 419 cum
1573 359 1778 420 diditur
1801 361 1982 424 omnis
1998 386 2079 440 ,-

370 444 609 524 disperit
631 452 804 522 atque
825 443 990 502 aliam
1015 452 1267 503 naturam
1290 442 1498 503 sufficit
1523 461 1598 503 ex
1620 463 1684 503 se
1699 489 1717 522 ‚

261 582 268 585 Δ
370 531 454 588 sic
476 529 655 589 anima
683 536 854 605 atque
877 528 1092 589 animus
1115 528 1369 605 quamvis
1391 528 1610 603 integra
1637 545 1845 589 recens
1867 530 1932 589 in

372 629 582 689 corpus
603 620 739 672 eunt
757 656 776 688 ‚
799 620 988 670 tamen
1011 612 1066 670 in
1088 610 1363 670 manando
1386 608 1805 688 dissoluuntur,

235 704 343 760 705
371 695 499 755 dum
523 696 683 773 quasi
709 712 813 771 per
835 692 1028 754 caulas
1051 696 1231 755 omnis
1257 693 1520 755 diduntur
1541 696 1599 754 iu
1620 705 1775 756 artus

369 777 681 859 particulae
703 778 907 857 quibus
935 776 1081 839 haec
1107 779 1273 837 animi
1294 787 1486 838 natura
1508 788 1733 839 creatur
1748 825 1765 856 ‚

373 881 515 941 quae
537 880 686 921 nuuc
711 864 771 921 in
791 870 987 921 nostro
1013 862 1326 921 dominatur
1349 879 1593 940 corpore
1616 873 1743 923 nata

373 966 447 1007 ex
467 945 562 1006 illa
591 965 736 1025 quae
760 955 877 1005 tum
906 947 1074 1022 periit
1096 947 1298 1023 partita
1322 962 1430 1024 per
1449 954 1622 1005 artus.

371 1039 717 1109 quapropter
742 1047 932 1106 neque
954 1026 1121 1090 natali
1148 1030 1363 1105 privata
1389 1029 1616 1090 videtur

234 1123 347 1178 710
377 1133 511 1175 esse
536 1114 627 1173 die
650 1122 844 1173 natura
872 1114 1087 1172 animae
1110 1130 1221 1172 nec
1253 1112 1468 1172 funeris
1490 1131 1720 1192 expers,

454 1198 680 1257 Semina
703 1207 999 1276 praeterea
1024 1195 1349 1275 linquontur
1362 1238 1383 1273 ,
1403 1215 1586 1258 necne
1603 1243 1621 1275 ‚
1644 1200 1841 1258 animai

373 1298 616 1359 corpore
641 1283 698 1340 in
719 1276 1021 1340 exanimo?
1045 1278 1197 1359 quod
1220 1282 1267 1341 si
1295 1278 1578 1341 lincuntur
1599 1291 1658 1342 et
1677 1284 1895 1359 insunt,

372 1366 505 1426 haut
530 1367 636 1425 erit
656 1374 716 1426 ut
742 1365 943 1424 merito
968 1361 1281 1426 inmortalis
1306 1366 1487 1441 possit
1509 1364 1706 1425 haberi
1723 1411 1742 1443 ‚

371 1450 625 1527 partibus
648 1449 872 1509 amissis
894 1449 1155 1526 quoniam
1175 1445 1342 1508 libata
1363 1450 1640 1509 recessit:

235 1543 344 1598 715
376 1537 461 1595 sin
484 1535 560 1593 ita
582 1533 821 1593 sinceris
843 1532 1111 1592 membris
1133 1531 1321 1592 ablata
1343 1531 1632 1611 profugit,

373 1627 432 1678 ut
457 1614 641 1677 nullas
665 1616 838 1694 partis
860 1616 914 1674 in
945 1632 1191 1693 corpore
1214 1613 1442 1693 liquerit
1472 1633 1549 1674 ex
1570 1634 1636 1676 se
1653 1660 1672 1692 ‚

371 1701 520 1760 unde
545 1698 818 1759 cadavera
845 1701 1096 1759 rancenti
1119 1700 1228 1758 iam
1254 1700 1483 1758 viscere
1509 1714 1738 1760 vermes

372 1787 631 1863 expirant
646 1828 664 1860 ,
689 1792 859 1861 atque
881 1781 1029 1843 unde
1053 1784 1393 1842 animantum
1415 1783 1583 1860 copia
1604 1791 1755 1842 tanta

373 1885 516 1929 exos
539 1876 596 1927 et
622 1866 897 1945 exanguis
918 1866 1164 1928 tumidos
1184 1864 1523 1946 perfluctuat
1547 1862 1741 1927 artus?

236 1963 350 2017 720
374 1952 526 2032 quod
554 1952 602 2010 si
623 1949 773 2011 forte
800 1952 1013 2011 animas
1034 1952 1396 2012 extrinsecus
1416 1953 1681 2011 insinuari

372 2035 660 2096 vermibus
683 2043 742 2093 et
763 2036 952 2114 privas
974 2036 1031 2094 in
1056 2052 1298 2114 corpora
1324 2052 1498 2113 posse
1521 2037 1717 2096 venire

374 2118 563 2181 credis
578 2163 596 2195 ‚
620 2135 733 2178 nec
754 2127 988 2195 reputas
1013 2138 1116 2179 cur
1141 2117 1292 2177 milia
1314 2117 1485 2178 multa
1506 2120 1808 2182 animarum

374 2204 707 2267 conveniant
731 2201 879 2263 unde
910 2221 1017 2263 una
1042 2204 1389 2281 recesserit,
1413 2202 1525 2261 hoc
1547 2212 1735 2262 tamen
1764 2212 1938 2263 estut

375 2288 757 2369 quaerendum
774 2286 1031 2347 videatur
1054 2296 1110 2347 et
1138 2288 1195 2345 in
1225 2287 1528 2346 discrimen
1548 2285 1829 2363 agendum
1845 2332 1864 2362 ,

231 2386 347 2441 725
379 2386 564 2436 utrum
591 2371 819 2432 tandem
838 2371 1056 2431 animae
1076 2379 1357 2431 venentur
1383 2371 1596 2431 semina
1620 2388 1879 2448 quaeque

373 2455 815 2519 vermiculorum
838 2456 1114 2533 ipsaeque
1136 2453 1246 2514 sibi
1276 2453 1625 2513 fabricentur
1651 2455 1748 2514 ubi
1779 2454 1922 2529 sint,

376 2560 445 2602 an
470 2541 627 2619 quasi
650 2538 989 2617 corporibus
1011 2537 1291 2617 perfectis
1311 2538 1679 2597 insinuentur.

373 2637 429 2686 at
451 2640 640 2702 neque
666 2640 768 2682 cur
791 2620 996 2682 faciant
1024 2624 1187 2701 ipsae
1218 2637 1466 2698 quareve
1489 2617 1749 2681 laborent

376 2709 570 2769 dicere
596 2704 940 2785 suppeditat.
977 2723 1169 2785 neque
1194 2705 1344 2763 enim
1362 2749 1380 2781 ‚
1405 2704 1528 2764 sine
1553 2720 1799 2783 corpore
1826 2722 1953 2763 cum
1987 2714 2149 2783 sunt,

232 2803 351 2857 730
376 2790 659 2853 sollicitae
681 2789 917 2850 volitant
940 2789 1153 2850 morbis
1174 2786 1425 2865 alguque
1447 2785 1741 2865 fameque:

379 2893 590 2954 corpus
620 2869 770 2934 enim
799 2874 981 2949 magis
1004 2872 1091 2933 his
1118 2873 1272 2932 vitiis
1294 2870 1478 2930 adfine
1502 2868 1752 2945 laborat,

378 2969 435 3020 et
463 2957 606 3019 mala
626 2955 798 3018 multa
825 2959 1041 3018 animus
1066 2954 1388 3032 contagibu'
1412 2955 1663 3031 fungitur
1683 2956 1825 3013 eius.

378 3042 483 3103 sed
505 3052 692 3102 tamen
716 3040 803 3100 his
827 3049 955 3100 esto
980 3040 1233 3118 quamvis
1255 3038 1452 3099 facere
1472 3033 1845 3118 utile'corpus

381 3128 471 3186 cui
500 3126 767 3188 subeant:
791 3132 852 3184 at
873 3141 981 3202 qua
1004 3124 1225 3202 possint
1255 3123 1343 3181 via
1369 3119 1522 3181 nulla
1540 3121 1780 3183 videtur.

233 3221 350 3278 735
380 3210 513 3269 haut
535 3209 708 3286 igitur
732 3207 945 3267 faciunt
967 3209 1184 3266 animae
1213 3204 1320 3264 sibi
1343 3222 1586 3281 corpora
1610 3215 1669 3267 et
1689 3215 1864 3266 artus.

379 3311 490 3354 nec
505 3301 700 3361 *tamen
724 3299 816 3351 est
840 3289 1067 3367 quidum
1090 3288 1371 3366 perfectis
1393 3289 1747 3351 insinuentur

381 3376 750 3455 corporibus:
780 3392 970 3452 neque
993 3374 1143 3434 enim
1165 3381 1432 3450 poterunt
1461 3371 1744 3450 suptiliter
1765 3389 1898 3431 esse

381 3478 639 3522 conexae
657 3506 673 3536 ‚
698 3476 888 3535 neque
915 3473 1232 3517 cousensus
1257 3456 1516 3529 contagia
1540 3455 1691 3513 fient.

273 3554 588 3608 Lucnmms
1869 3532 1911 3591 6
