2409 3825
1248 188 1327 248 lv

456 356 696 435 angulus
723 366 962 436 optusus
996 358 1126 437 quia
1145 357 1323 434 longe
1349 358 1594 417 cernitur
1620 359 1797 417 omnis
1815 403 1833 434 ,

458 445 581 501 sive
606 444 772 501 etiam
794 443 984 520 potius
1005 458 1120 501 non
1152 442 1401 501 cernitur
1428 457 1497 499 ac
1520 443 1668 518 perit
1690 443 1812 500 eius

313 535 423 588 355
454 524 623 604 plaga
644 543 757 584 nec
779 524 849 584 ad
873 534 1099 586 nostras
1126 526 1284 585 acies
1314 522 1630 602 perlabitur
1649 527 1796 583 ictus
1816 571 1832 599 ‚

458 616 590 668 aera
613 625 720 687 per
747 608 981 668 multum
1010 611 1137 689 quia
1161 607 1291 667 dum
1318 606 1618 667 simulacra
1642 607 1898 667 feruntur
1914 652 1932 684 ,

460 695 617 769 cogit
638 692 964 753 hebescere
987 712 1115 753 eum
1145 693 1365 752 crebris
1398 691 1710 752 offensibus
1732 698 1850 751 aer.

459 776 573 835 hoc
594 777 690 834 nbi
721 776 953 853 suffugit
975 795 1208 837 sensum
1230 772 1394 836 simul
1418 774 1656 852 angulus
1686 778 1866 836 omnis
1884 820 1902 850 ‚

355 904 377 920 .
460 859 520 919 fit
544 862 702 938 quasi
725 868 785 918 ut
807 859 877 919 ad
902 869 1125 920 tornum
1150 876 1415 919 saxorum
1437 868 1653 920 structa
1671 869 1916 919 tuamor:

325 952 434 1007 360
460 960 574 1003 non
593 952 780 1004 tamen
803 952 864 1002 ut
884 961 1073 1004 coram
1097 961 1243 1022 quae
1275 951 1404 1003 sunt
1424 961 1681 1022 vereque
1701 943 1937 1003 rutunda
1953 989 1971 1020 ‚

461 1026 566 1086 sed
590 1029 750 1106 quasi
771 1026 1134 1088 adumbratim
1155 1026 1386 1106 paulum
1408 1026 1663 1087 simulata
1684 1027 1961 1088 videntur.

459 1110 653 1170 umbra
673 1110 900 1171 videtur
920 1113 1055 1171 item
1077 1111 1246 1172 nobis
1269 1113 1325 1169 in
1347 1109 1474 1171 sole
1497 1113 1713 1171 moveri

461 1203 519 1254 et
540 1196 784 1271 vestigia
806 1204 1000 1255 nostra
1023 1197 1189 1273 sequi
1212 1203 1553 1273 gestumque
1583 1197 1811 1265 imitari;

458 1285 592 1338 aera
615 1280 665 1338 si
690 1277 879 1340 credis
912 1280 1189 1358 privatum
1212 1278 1420 1338 lumine
1443 1295 1622 1357 posse

327 1370 435 1425 365
458 1361 790 1440 indugredi,
814 1373 1002 1423 motus
1028 1363 1314 1422 hominum
1337 1371 1681 1442 gestumque
1705 1371 2073 1441 sequentem:

457 1464 584 1505 nam
603 1444 680 1505 nil
705 1465 841 1508 esse
863 1457 1058 1525 potest
1077 1445 1215 1506 aliut
1237 1448 1343 1506 nisi
1366 1445 1575 1507 lumine
1604 1465 1801 1508 cassus
1856 1472 1865 1478 ·

459 1535 560 1589 aer
582 1528 638 1588 id
663 1530 815 1609 quod
840 1547 947 1592 nos
969 1531 1221 1590 umbram
1246 1530 1552 1609 perhibere
1575 1538 1825 1590 suemus.

459 1615 718 1673 nimirum
734 1660 752 1692 ‚
780 1615 910 1693 quia
932 1624 1084 1675 terra
1105 1613 1253 1675 locis
1276 1632 1352 1674 ex
1375 1613 1571 1674 ordine
1602 1617 1776 1675 certis

459 1696 668 1758 lumine
691 1700 943 1777 privatur
962 1698 1102 1759 solis
1127 1715 1481 1777 quacumque
1504 1707 1758 1757 meantes

366 1787 436 1842 70
464 1781 745 1844 officimus
763 1829 779 1860 ,
807 1782 1067 1861 repletur
1093 1785 1230 1842 item
1253 1781 1406 1860 quod
1427 1780 1691 1860 liquimus
1717 1784 1839 1841 eius
1857 1778 1884 1858 ,'

460 1875 770 1946 propterea
793 1866 852 1926 fit
876 1868 954 1928 uti
976 1867 1236 1927 videatur
1252 1912 1269 1944 ‚
1298 1883 1442 1946 quae
1464 1865 1568 1926 fuit
1590 1865 1783 1926 umbra

463 1953 723 2029 eorporis
739 1997 757 2029 ‚
783 1971 815 2011 e
838 1952 1077 2028 regione
1101 1950 1303 2011 eadem
1323 1968 1430 2012 nos
1452 1969 1636 2029 usque
1661 1960 1877 2011 secuta.

461 2039 695 2113 semper
717 2037 865 2094 enim
887 2052 1033 2095 nova
1055 2054 1121 2096 se
1143 2034 1425 2095 radiorum
1453 2033 1659 2094 lumina
1680 2034 1915 2094 fundunt

461 2120 752 2198 primaque
778 2119 1144 2198 dispereunt,
1173 2120 1333 2198 quasi
1363 2121 1417 2178 in
1442 2120 1631 2197 ignem
1657 2117 1780 2178 lana
1802 2118 2067 2189 trabatur,

328 2208 435 2264 315
460 2213 769 2281 propterea
792 2201 963 2263 facile
995 2212 1053 2263 et
1076 2202 1356 2281 spoliatur
1376 2202 1583 2262 lumine
1608 2212 1759 2262 terra
1776 2249 1794 2279 ,

462 2295 521 2345 et
542 2287 798 2365 repletur
818 2288 952 2347 item
974 2288 1280 2365 nigrasque
1304 2288 1412 2347 sibi
1435 2287 1608 2346 abluit
1632 2287 1874 2348 umbras.

544 2368 596 2428 N
600 2390 670 2430 ec
693 2380 879 2430 tamen
901 2371 994 2431 hic
1018 2370 1223 2430 oculos
1246 2369 1366 2430 falli
1393 2370 1757 2431 concedimus
1781 2369 1972 2430 hilum.

459 2471 585 2512 nam
613 2471 971 2534 quocumque
994 2453 1129 2514 loco
1155 2457 1229 2515 sit
1251 2453 1351 2513 lux
1371 2464 1542 2533 atque
1566 2455 1759 2513 umbra
1779 2457 1924 2516 tueri

460 2535 684 2596 illorum
710 2547 830 2599 est:
855 2537 1054 2598 eadem
1076 2557 1218 2598 vero
1245 2539 1354 2599 sint
1378 2538 1583 2597 lumina
1603 2555 1787 2598 necne
1805 2584 1821 2615 ,

324 2628 434 2683 380
458 2622 767 2699 umbraque
793 2640 936 2701 quae
967 2622 1071 2681 fnit
1093 2622 1190 2682 hic
1216 2621 1414 2682 eadem
1436 2639 1586 2680 nunc
1613 2630 1861 2681 transeat
1890 2620 2026 2680 illue
2069 2640 2079 2648 “

458 2723 528 2763 an
548 2708 737 2784 potius
763 2707 856 2767 liat
878 2706 1049 2785 paulo
1080 2706 1235 2784 quod
1258 2705 1498 2764 diximus
1528 2714 1658 2765 ante
1675 2751 1694 2782 .,

457 2788 571 2848 hoc
594 2791 756 2849 animi
779 2789 999 2850 demum
1021 2792 1164 2850 ratio
1187 2790 1517 2851 discernere
1547 2788 1720 2849 debet
1735 2834 1752 2865 ‚

456 2889 568 2932 nee
591 2882 834 2951 possunt
857 2873 1009 2934 oculi
1033 2883 1283 2934 naturam
1308 2891 1554 2934 noscere
1578 2891 1782 2933 rerum.

458 2957 696 3037 proinde
720 2959 884 3016 animi
906 2960 1101 3018 vitium
1123 2958 1238 3018 hoe
1264 2955 1448 3018 oculis
1472 2957 1762 3034 adfingere
1785 2956 1920 3017 noli.

330 3047 434 3102 385
458 3057 567 3118 qua
594 3041 851 3101 vehimur
870 3044 997 3101 navi
1014 3088 1032 3119 ‚
1056 3042 1239 3102 fertur
1255 3087 1272 3119 ‚
1300 3059 1426 3101 cum
1450 3050 1602 3102 stare
1625 3041 1877 3100 videtur:

458 3142 603 3203 quae
627 3134 813 3185 manet
833 3127 889 3184 in
913 3127 1186 3202 statione,
1226 3143 1293 3185 ea
1314 3134 1546 3205 praeter
1574 3124 1823 3185 creditur
1843 3125 1945 3184 ire.

457 3216 516 3267 et
540 3207 742 3286 fugere
763 3208 833 3268 ad
856 3212 1087 3289 puppim
1118 3208 1303 3270 colles
1333 3210 1628 3288 campique
1656 3208 1952 3286 videntur,

457 3309 603 3370 quos
626 3294 844 3370 agimus
874 3304 1106 3371 praeter
1126 3311 1330 3353 navem
1352 3291 1616 3370 velisque
1640 3291 1915 3352 volamus.

455 3375 643 3436 sidera
673 3385 904 3437 cessare
928 3377 1195 3438 aetheriis
1221 3376 1402 3436 adfixa
1426 3377 1684 3436 cavernis

325 3466 429 3522 390
454 3470 660 3521 cuncta
680 3460 944 3520 videntur
959 3506 977 3539 ,
1004 3470 1062 3520 et
1091 3460 1327 3520 adsiduo
1352 3469 1480 3520 sunt
1504 3461 1686 3518 omnia
1705 3467 1860 3517 motu
1876 3499 1896 3533 ‚

2158 187 2285 283 „101
