2409 3825
336 198 406 245 vl
1116 191 1529 242 PRAEFATIO.

321 335 541 427 paucos
582 370 790 425 annos,
823 349 986 412 unde
1026 346 1342 429 probabile
1383 355 1475 407 est
1517 356 1788 407 nostrum
1824 351 1889 409 in
1932 352 2082 429 ipsis
2130 353 2275 411 vitae

330 432 669 514 primordiis
727 433 1093 510 domesticis·
1121 430 1560 491 calamitatibus
1616 433 2021 491 conflictatum
2083 436 2275 492 variis·
2373 437 2374 440 ’

335 537 452 596 que
513 517 812 595 pueritiae
873 533 1021 576 suae
1080 513 1416 574 rectoribus
1466 532 1672 586 usum,
1729 533 1873 573 mox
1927 515 2279 588 destitutum,

333 601 499 677 prius
547 618 728 678 quam
768 599 877 658 alii
913 598 1112 657 solent
1155 597 1237 656 ad
1281 615 1414 655 eam
1454 596 1687 672 ingenii
1715 598 2125 657 maturitatem
2158 619 2280 678 per-

333 683 609 754 venisse,
658 701 839 761 quam
881 682 946 740 in
992 677 1433 739 adolescentuli
1468 679 1667 761 satiris
1707 699 1830 737 non
1865 681 1998 739 sine
2035 681 2280 740 admira-

330 766 494 823 tione
526 763 1073 843 deprehendimus.‘
1112 764 1330 820 Studuit
1356 766 1598 820 Flaccus
1624 780 1795 835 usque
1822 751 1908 820 αᾶ
1926 765 2135 822 annum
2162 769 2283 823 duo-

332 852 595 905 decimum
640 851 833 905 aetatis
876 864 1013 905 suae
1064 849 1396 907 Volaterri33
1427 847 1621 902 deinde
1660 847 1873 903 Romae
1912 850 2070 919 apud
2108 866 2287 921 qram-
2371 837 2374 876 Ᾰ

210 1001 221 1008 „
331 935 586 988 malicum
615 932 921 987 Remmium
948 930 1365 999 Palaemonem,
1407 946 1588 1006 quem
1618 926 1867 986 Sueten.
1901 928 2001 987 111.
2045 947 2286 1007 gramm.

333 1009 412 1071 23
442 1013 778 1091 principem
816 1012 880 1070 in
916 1031 1026 1071 sua
1056 1010 1436 1089 professione
1474 1010 1674 1069 locum
1711 1012 1981 1070 tenuisse
2007 1019 2287 1088 testatur3

333 1103 384 1151 et
411 1099 566 1169 apud
592 1097 864 1152 rhetorem
906 1097 1217 1168 Veryinium
1249 1096 1499 1164 Flavum,
1532 1093 1713 1152 etiam
1742 1092 2123 1170 Quintiliano
2157 1116 2290 1177 pas·
2373 1127 2374 1138 κ

332 1178 443 1236 sim
479 1186 1001 1237 commemoratum
1036 1196 1337 1256 quemque
1366 1175 1618 1234 Tacitus
1648 1176 1810 1234 Ann.
1842 1177 1987 1237 XV.
2018 1177 2121 1251 71,
2154 1180 2294 1259 quia

333 1260 532 1320 studia
553 1262 850 1338 juvenum
892 1260 1243 1339 eloquentia
1279 1258 1560 1331 fovisset,
1594 1268 1840 1338 propter
1876 1260 2294 1321 claritudinem

331 1345 589 1404 nominis
625 1344 802 1403 simul
835 1364 968 1402 cum
999 1342 1280 1401 Musonio
1322 1362 1360 1400 a
1398 1342 1647 1401 Nerone
1688 1343 1840 1402 urbe
1883 1344 2127 1421 pulsum
2161 1365 2294 1404 esse
2373 1401 2374 1410 ,

330 1426 534 1484 tradit.
592 1425 719 1486 Sed
754 1435 814 1486 et
854 1427 1016 1485 illius
1061 1426 1311 1484 exilium
1338 1433 1477 1503 post
1508 1434 1761 1484 mortem
1805 1425 2041 1485 demum
2098 1427 2294 1487 Persii

334 1509 584 1586 contigit
615 1518 676 1568 et
696 1513 758 1568 L.
791 1513 1009 1567 Annaei
1034 1510 1272 1580 Cornuti,
1306 1509 1475 1585 cujus
1506 1507 1625 1580 hic,
1659 1527 1823 1583 quum
1851 1518 1991 1567 esset
2022 1530 2295 1569 annorum

331 1595 561 1649 sedecim
576 1637 590 1663 ‚
621 1597 695 1650 ita
731 1598 967 1650 amicitia
993 1598 1074 1650 uti
1114 1596 1315 1665 coepit,
1356 1600 1418 1649 ut
1458 1593 1527 1648 ab
1573 1608 1635 1649 eo
1664 1610 1932 1665 nusquam
1962 1596 2299 1658 discederet,-
2373 1623 2374 1626 ¹

332 1694 368 1731 a
396 1694 501 1748 quo
537 1674 700 1754 quod
726 1677 890 1734 vitae
921 1676 1175 1753 scriptor
1205 1694 1342 1734 eum
1368 1678 1644 1732 inductum
1674 1678 2014 1749 aliquatenus
2033 1680 2092 1733 in
2116 1679 2294 1750 philo-

331 1754 578 1830 sophiam
608 1776 726 1816 esse
756 1760 869 1830 ait,
905 1759 1037 1837 ipse
1065 1758 1312 1817 Persius
1343 1758 1408 1815 in
1450 1757 1698 1835 quintae
1743 1758 1965 1816 satirae
1994 1759 2297 1837 principio

335 1860 470 1898 cum
495 1849 665 1900 tanta
693 1842 938 1922 pietatis
985 1850 1045 1900 et
1077 1841 1235 1919 grati
1275 1840 1458 1899 animi
1492 1840 1919 1899 testificatione
1963 1841 2295 1910 confirmat,

332 1933 399 1982 ut
443 1924 584 1983 huic
625 1925 783 1984 inter
830 1945 1035 1984 omnes
1077 1925 1304 2003 poetici
1346 1922 1578 1983 ardoris
1620 1924 1994 2002 principatus
2042 1924 2295 1984 concedi

335 2005 576 2066 debeat.
636 2007 736 2066 De
787 2009 917 2087 ipso
946 1998 1217 2066 'Cornuto
1259 2007 1533 2086 pluribus
1578 2005 1991 2067 disseruerunt
2043 2018 2108 2067 et
2148 2006 2295 2067 Ger.

226 2156 231 2165 ⁸
334 2089 476 2148 Joa.
523 2089 599 2149 de
632 2091 884 2149 Martini
937 2091 1002 2149 in
1043 2088 1224 2168 Spec.
1254 2091 1458 2167 inaug.
1500 2090 1699 2166 Lugd.
1745 2087 1926 2148 1825.
1974 2087 2033 2149 8.
2081 2099 2144 2150 et
2190 2091 2298 2148 Fr.

337 2172 619 2233 Osannus
647 2175 712 2231 in
739 2172 945 2231 Praef.
976 2173 1117 2231 libri
1146 2171 1223 2232 de
1252 2181 1470 2231 natura
1501 2172 1748 2231 deorum
1778 2172 1854 2231 ab
1889 2175 2021 2251 ipso
2055 2172 2297 2232 Gottin-

333 2272 451 2332 gae
498 2254 657 2314 1844
703 2254 878 2314 editi:
933 2275 1185 2335 quorum
1233 2256 1297 2313 in
1350 2255 1853 2334 disputationibus
1899 2257 2017 2315 hoc
2063 2264 2298 2315 tantum

333 2338 544 2409 miror,
588 2337 749 2416 quod
792 2338 1050 2396 hominis
1091 2338 1405 2416 Leptitani
1447 2356 1669 2412 verum
1702 2359 1922 2398 nomen
1966 2337 2297 2407 Cornutum

334 2419 523 2478 fuisse
556 2420 829 2479 arbitrati
862 2430 1000 2480 sunt
1020 2422 1518 2501 Phurnutumque
1536 2466 1550 2494 ,
1584 2441 1763 2501 quem
1781 2422 2008 2499 passim
2031 2430 2092 2481 et
2106 2422 2296 2482 Scho-

332 2503 419 2561 lia
458 2511 518 2561 et
550 2502 789 2563 codices
822 2504 1147 2583 praebent,
1184 2502 1339 2562 adeo
1372 2512 1762 2583 spreverunt,
1804 2513 1872 2563 ut
1907 2505 2068 2562 hanc
2106 2506 2297 2564 nomi-

333 2587 428 2644 nis
469 2585 723 2645 formam
755 2607 830 2646 ex
866 2588 996 2647 solo
1036 2587 1479 2667 pronunciandi
1514 2588 1663 2647 vitio
1702 2587 2164 2647 librariorumve
2208 2608 2302 2647 er-

333 2689 471 2727 rore
498 2677 877 2748 repeterent3
912 2670 1195 2749 equidem
1222 2671 1328 2729 ubi
1356 2671 1733 2751 frequentem
1762 2671 1994 2730 vocalis
2026 2691 2068 2730 u
2094 2673 2163 2729 in
2195 2691 2302 2749 op·
2373 2722 2374 2747 ἕ

333 2751 494 2832 pidis
529 2753 780 2812 Africae
811 2774 984 2813 usum
1009 2763 1244 2832 reput0,
1272 2774 1517 2832 prorsus
1547 2754 1693 2813 mihi
1713 2753 2052 2832 persuadeo
2082 2754 2305 2813 Afrum
2373 2808 2374 2811 ,

335 2835 572 2911 origine
602 2836 981 2896 Phurnutum
1014 2837 1217 2916 potius
1248 2837 1619 2916 appellatum
1650 2856 1804 2910 esse,
1837 2836 2031 2895 donec
2054 2837 2121 2895 in
2151 2837 2302 2896 civi·

334 2926 523 2976 tatem
550 2919 887 2979 Romanam
913 2921 1431 3000 Annaeorumque
1473 2928 1717 2999 gentem
1754 2928 2037 2998 receptus
2074 2919 2303 2979 barba-

335 3021 464 3058 ram
502 3021 718 3061 vocem
752 3003 816 3061 in
844 3004 1075 3063 latinae
1107 3004 1376 3082 speciem
1413 3011 1798 3062 converteret
1833 3003 2047 3062 eodem
2092 3023 2304 3062 exem·

335 3082 471 3156 plo,
520 3102 637 3160 quo
671 3086 1006 3163 principem
1054 3086 1487 3163 Apostolorum
1527 3086 1814 3145 Hebraeo
1854 3088 2097 3145 nomine
2144 3085 2303 3146 Sau-

335 3159 477 3252 lum,
508 3163 782 3223 Romano
813 3166 1070 3226 Paulum
1114 3168 1302 3226 fuisse
1344 3176 1597 3228 constat.
1671 3167 1848 3244 Quae
1880 3179 2081 3227 autem
2115 3170 2183 3228 in
2213 3172 2305 3249 ip·

336 3257 459 3294 sius
489 3253 734 3304 nostrae
764 3249 929 3305 vitae
962 3249 1267 3308 codicibus
1302 3270 1445 3308 mox
1475 3250 1851 3310 incommodo
1890 3253 2027 3311 loco
2071 3254 2307 3312 inserta

335 3313 646 3407 leguntur:
691 3346 820 3383 nam
851 3333 1120 3387 Cornutus
1156 3336 1246 3390 illo
1289 3341 1528 3405 tempore
1558 3340 1797 3407 trayieus
1821 3336 1933 3408 fuit
1957 3345 2140 3394 sectae
2169 3354 2297 3410 poe·

337 3399 488 3484 lucae,
514 3407 609 3490 qui
638 3407 802 3462 libros
822 3412 1204 3489 philosophiae
1232 3418 1449 3487 reliquit
1461 3461 1473 3485 ‚
1503 3424 1625 3472 tam
1655 3416 1863 3493 inepta
1899 3427 2056 3491 sunt,
2090 3429 2161 3478 ut
2193 3420 2303 3480 eli-

339 3483 550 3530 mman
593 3497 665 3536 ea
702 3503 836 3544 cum
871 3488 1133 3564 Bergkio
1177 3495 1243 3552 in
1289 3495 1585 3555 Zeitschr.
1617 3497 1661 3555 f.
1694 3498 1960 3558 Alterth.
2009 3498 2195 3575 1845,
2242 3524 2307 3582 p.

395 3736 573 3752 *—

2366 2816 2375 2903 ‘1

2359 3436 2374 3457 ⁸1

2372 3464 2374 3539 1
