2409 3825
1976 78 1991 91 t

2128 160 2139 167 .

321 181 408 244 74
877 192 1078 239 xvm.
1142 189 1486 240 numanus.
1530 184 1579 236 4.
1622 185 1672 237 5.

324 330 534 416 magis
579 350 656 394 ex
683 327 930 412 proelio
962 326 1247 404 excessit,
1293 325 1405 392 sed
1432 326 1639 391 acrius
1668 314 1963 391 hostibus
1992 326 2250 395 institit.

263 428 297 478 3
326 416 434 479 hic
498 414 818 497 equitibus
879 411 1266 496 profligatis,
1340 409 1677 475 interfecto
1741 410 1899 475 duce
1965 409 2250 494 Cratero,

323 499 543 563 multis
584 501 916 582 praeterea
958 499 1023 560 et
1063 494 1339 559 maxime
1367 495 1696 559 nobilibus
1726 495 1930 578 captis
1958 496 2253 579 pedester

324 583 668 663 exercitae,
714 579 884 665 quod
928 580 999 653 in
1042 600 1118 644 ea
1158 579 1304 643 loca
1345 582 1483 643 erat
1525 578 1861 661 deductus,
1916 583 1992 644 ut
2043 580 2247 645 invito
2368 623 2374 631 ‹

322 667 611 732 Eumene
640 666 808 730 elabi
850 686 986 729 non
1014 666 1251 747 posset,
1294 683 1516 745 pacem
1562 663 1645 727 ab
1674 684 1750 727 eo
1780 663 1984 747 petiit.
2058 685 2252 747 quam

324 773 471 835 cugp
512 750 932 834 impetrasset,
976 748 1046 811 in
1087 745 1213 810 fide
1255 767 1391 811 non
1419 747 1660 811 mansit
1703 749 1769 811 et
1810 769 1897 830 se,
1943 748 2136 813 simul
2178 770 2251 812 ae

263 847 298 895 4
326 835 567 920 potuit,
622 833 703 898 ad
742 832 1162 915 Antipatrum
1204 830 1463 914 recepit.
1548 830 1871 896 Eumenes
1917 830 2254 897 Craterum

323 941 402 984 ex
445 919 579 983 acie
624 916 1003 981 semivivum
1047 914 1286 979 elatum
1328 935 1615 980 recreare
1669 914 1939 980 studuit:
1996 937 2142 980 cum
2185 917 2255 983 id

320 1022 458 1099 non
494 1003 745 1099 posset,
798 1021 918 1084 pro
973 999 1256 1064 hominis
1312 999 1627 1083 dignitate
1679 1020 1796 1083 pro
1845 1020 1924 1065 ue
1977 984 2255 1083 p'fistina

323 1090 606 1150 am1c1t1a
648 1085 953 1168 (namque
996 1083 1110 1147 illo
1154 1105 1309 1147 usus
1364 1088 1502 1147 erat
1542 1084 1792 1148 Alexan
1870 1105 1908 1149 o
1964 1084 2114 1149 vivo
2156 1085 2252 1149 fa·
2374 1114 2375 1151 ι

2368 124 2371 237 l

321 1169 682 1267 miliariter)
710 1167 941 1266 ‘amplo
985 1167 1214 1231 funere
1259 1168 1492 1232 extulit
1534 1189 1803 1252 ossaque
1845 1168 1917 1233 in
1959 1167 2250 1234 Macedo-
2374 1166 2375 1169 ’

322 1276 500 1320 niam
540 1275 726 1318 uxon
771 1273 909 1317 eius
951 1273 1026 1316 ac
1069 1252 1290 1315 liberis
1332 1250 1597 1317 remisit.

247 1339 293 1403 5
488 1337 665 1402 Haec
725 1337 876 1402 dum
930 1336 1101 1420 apud
1156 1335 1649 1432 Hellespontum
1704 1341 2044 1421 geruntur,
2097 1336 2253 1402 Per-

323 1422 530 1487 diccas
597 1422 768 1505 apud
808 1419 1034 1486 Nilum
1086 1420 1327 1484 flumen
1368 1419 1753 1485 mterficitur
1793 1443 1833 1486 a
1874 1419 2142 1486 Seleuco
2188 1426 2257 1487 et

321 1507 649 1592 Antigene
699 1526 1039 1589 rerumque
1069 1525 1319 1568 summa
1360 1504 1442 1568 ad
1485 1504 1902 1588 Antipatrum
1946 1505 2252 1570 defertur.

321 1591 427 1656 hic
470 1592 582 1675 qui
625 1557 1051 1672 deseruerant,
1096 1588 1378 1653 exercitu
1421 1589 1796 1673 suffragium
1836 1589 2104 1673 ferente,
2149 1612 2254 1654 ca-

319 1675 475 1759 pitis
518 1676 811 1740 absentes
841 1673 1245 1753 damnantur,
1290 1673 1359 1736 in
1403 1673 1507 1738 his
1548 1671 1888 1739 Eumenes.
1972 1673 2096 1738 hac
2138 1674 2253 1738 ille

369 1759 651 1824 erculsus
708 1759 901 1843 plaga
941 1779 1076 1822 non
1120 1757 1455 1822 succubuit
1494 1777 1703 1841 neque
1747 1778 1823 1822 eo
1867 1758 2073 1822 secius
2116 1759 2249 1823 bel-

320 1782 459 1908 fum
503 1842 988 1908 administravit.
1076 1840 1188 1905 sed
1232 1840 1428 1906 exiles
1470 1861 1572 1907 res
1615 1842 1814 1905 animi
1858 1842 2251 1929 magnitudi-

261 1940 296 1988 2
324 1950 501 2010 nem,
547 1928 668 1992 etsi
709 1949 845 1992 non
886 1926 1289 2025 frangebant,
1333 1929 1551 1991 tamen
1567 1926 1987 2024 ‘minuebant
2041 2013 2055 2025 ·
2074 1927 2253 1994 hunc

320 2032 506 2161 {grugii3
539 2033 710 2179 dlrzlt?
738 2014 2257 2191 &figgffiffzfnffiffpssffiffabgaffifengggffss

261 2275 296 2325 ³
324 2203 518 2328 {33¹³
536 2181 944 2328 αἶῖῑῗέιῗὲ
987 2179 1557 2327 ἶῖέἰῖῗὲθέἒὲῗέἓ
1596 2180 1744 2327 ”2331
1765 2179 2061 2329 {3423ss
2088 2183 2256 2330 ἐξ·

320 2287 533 2431 pore}³
576 2368 721 2436 cum
779 2346 958 2411 consi
985 2347 1049 2411 io
1117 2347 1260 2430 capi
1324 2368 1459 2411 non
1570 2352 1768 2430 osset,
1834 2347 2255 2414 multitudine

323 2430 689 2496 circumitus
746 2435 859 2496 est.
946 2431 1099 2495 hinc
1155 2435 1373 2496 tamen
1427 2431 1645 2495 mutis
1705 2432 1836 2497 suis
1879 2432 2127 2497 amissis
2184 2454 2257 2498 se

324 2538 358 2581 e
448 2515 647 2581 edivit
688 2518 753 2579 et
794 2516 866 2580 in
908 2516 1243 2579 castellum
1284 2513 1634 2599 Phrygiae,
1691 2514 1863 2599 quod
1904 2514 2087 2582 Nora
2141 2539 2257 2601 ap-

259 2611 295 2661 4
322 2538 628 2685 pffiamr,
687 2599 999 2685 confugit.
1085 2600 1157 2663 in
1199 2620 1328 2682 quo
1372 2618 1519 2692 ‘Qu
1561 2599 2129 2666 circumsederetur
2186 2604 2261 2666 et

319 2688 673 2768 vereretur,
716 2706 799 2749 ne
843 2705 974 2748 uno
1018 2684 1160 2748 loco
1204 2702 1475 2747 manens
1519 2704 1717 2767 equos
1757 2685 2065 2750 militares
2110 2707 2260 2769 per-
2364 2695 2379 2728 ²

321 2769 516 2852 deret,
568 2768 740 2853 quod
770 2769 1047 2853 spatium
1088 2789 1226 2832 non
1250 2770 1417 2831 esset
1445 2766 1750 2853 agitandi,
1781 2767 2080 2833 callidum
2124 2768 2263 2834 fuit

322 2853 458 2918 eius
499 2853 856 2935 inventum,
904 2849 1439 2935 quemadmodum
1483 2855 1659 2916 stans
1703 2852 2061 2917 iumentum
2100 2874 2263 2919 con·

322 2936 561 3004 calfieri
604 2937 1009 3020 exercerique
1038 2938 1274 3019 posset,
1320 2956 1447 3019 quo
1481 2936 1788 3001 libentius
1832 2939 1900 3002 et
1939 2937 2082 3002 cibo
2114 2941 2264 3002 ute-

260 3033 294 3082 ο
321 3025 500 3086 retur
529 3024 621 3098 *et
685 3044 725 3085 a
779 3021 1064 3104 corporis
1124 3023 1306 3083 motu
1369 3040 1506 3084 non
1564 3024 2014 3085 removeretur.
2105 3022 2264 3087 sub-

117 3133 133 3146 ·
209 3126 222 3133 ⁴
321 3105 678 3188 stringebat
749 3107 943 3188 caput
1010 3104 1151 3169 loro
1227 3103 1449 3187 altius,
1523 3126 1716 3188 quam
1784 3108 1862 3169 ut
1927 3105 2265 3189 prioribus
2368 3145 2380 3158 ι

322 3186 590 3266 pedibus
632 3187 822 3270 plene
865 3191 1103 3252 terram
1156 3190 1375 3269 posset
1426 3188 1773 3273 attingere,
1828 3188 2057 3254 deinde
2099 3195 2265 3273 post

323 3267 691 3333 verberibus
734 3271 1007 3354 cogebat
1049 3270 1332 3335 exultare
1377 3275 1442 3335 et
1484 3272 1687 3336 calces
1729 3273 2084 3338 remittere:
2141 3276 2263 3358 qui

325 3350 536 3410 motus
585 3371 719 3414 non
772 3353 984 3417 minus
1039 3353 1336 3418 sudorem
1390 3356 1749 3420 excutiebat
1763 3407 1777 3434 ‚
1878 3377 2027 3421 uam
2080 3358 2141 3421 si
2187 3359 2267 3423 in

269 3435 301 3483 6
331 3428 537 3508 spatio
583 3431 959 3500 decurreret.
1067 3457 1194 3519 quo
1251 3436 1493 3504 factum
1537 3443 1669 3522 est,
1724 3461 1853 3523 quo
1951 3441 2268 3507 omnibus
