2409 3825
336 205 376 244 x
1119 188 1548 246 PRAEFATIO.

338 358 556 412 calores
601 354 877 411 accedere
914 372 1152 412 necesse
1189 361 1275 410 est
1309 358 1392 425 (v.
1414 358 1566 426 807).
1638 357 1900 430 Alioquin
1924 364 2005 430 (v.
2028 364 2165 431 808)
2195 381 2350 422 cres-

336 457 466 496 cere
491 445 773 511 nequeunt
796 444 850 496 et
873 441 1061 513 fruges
1089 441 1428 532 arbustaque
1453 445 1507 496 et
1533 442 1822 513 animalia,
1859 459 2091 514 quorum
2135 450 2354 518 pabula

335 530 462 580 sunt
484 525 692 596 frugeS.

456 609 518 663 In
555 607 641 663 his
678 607 844 681 igitur
882 612 1047 678 atque
1077 608 1134 662 in
1158 607 1368 678 aliquot
1406 608 1527 664 aliis
1565 612 1836 682 exemplis
1872 628 1998 667 cum
2022 630 2055 668 a
2081 614 2354 672 codicum

334 692 531 749 ordine
564 697 757 748 contra
779 689 1122 747 Lachmanni
1162 692 1622 764 transpositiones
1657 695 2001 765 steterimus,
2052 698 2352 757 rarissime

334 777 672 832 contrarium
711 775 912 832 accidit
951 782 1009 830 ut
1045 776 1402 848 transpositio
1437 776 1563 832 visa
1595 777 1665 832 sit
1685 777 2177 837 Lachmannianae
2217 800 2350 839 ver-

331 862 530 915 borum
561 860 846 916 mutationi
877 866 1187 931 praestare.
1248 859 1415 930 Velut
1452 860 1583 915 inde
1618 877 1651 916 a
1685 879 1854 918 versu
1886 868 1978 923 197
2013 864 2135 919 libri
2162 868 2352 937 quarti
2391 925 2392 930 ,

331 946 589 1016 leguntur
621 944 794 999 haec:

674 1031 937 1089 praeterea
966 1024 1010 1072 si
1031 1038 1160 1085 quae
1179 1025 1385 1088 penitus
1408 1024 1707 1089 corpuscula
1725 1040 1892 1075 rerum

677 1108 739 1143 ex
760 1092 958 1155 altoque
982 1091 1118 1142 foras
1138 1094 1429 1154 mittuntur,
1450 1092 1572 1142 solis
1593 1095 1665 1142 uti
1685 1093 1774 1142 lux

675 1175 733 1210 ac
755 1175 938 1225 vapor,
969 1160 1096 1210 baec
1115 1169 1303 1227 puncto
1323 1168 1594 1211 cernuntur
1612 1160 1756 1226 lapsa
1777 1163 1878 1212 diei

538 1231 639 1283 200
676 1245 767 1294 per
788 1238 948 1279 totum
968 1230 1098 1279 caeli
1117 1232 1342 1296 spatium
1359 1229 1643 1281 diffundere
1661 1245 1776 1281 sese

675 1313 867 1362 perque
889 1299 1055 1349 volare
1074 1314 1213 1350 mare
1234 1315 1294 1350 ac
1313 1307 1472 1350 terras
1492 1299 1787 1364 caelumque
1806 1301 1992 1365 rigare.

330 1385 431 1441 Ubi
458 1371 712 1440 ‘foedum
752 1401 857 1441 nec
897 1385 1190 1441 serendum
1216 1386 1425 1443 vitium’
1451 1385 1657 1444 adesse
1692 1386 2254 1444 viditLachmannus
2297 1391 2346 1446 in

327 1487 384 1525 v.
426 1473 527 1526 201
571 1471 969 1562 caelumque
1006 1473 1227 1543 riyare‚
1272 1470 1425 1541 quod
1467 1476 1596 1541 post
1640 1488 1694 1527 v.
1717 1474 1824 1528 200
1865 1472 2059 1525 caeli
2094 1476 2347 1543 spatium

328 1553 513 1625 Inepte
547 1538 913 1628 ταῦτολογεῖ,
953 1569 1291 1626 quamquam
1328 1554 1590 1625 coniungi
1612 1554 1889 1611 vocabula
1912 1556 2120 1611 caelum
2143 1559 2349 1629 m'qare

327 1653 439 1692 non
476 1639 655 1711 magis
695 1637 788 1693 hic
818 1637 1117 1695 offensioni
1150 1644 1237 1695 est
1286 1655 1453 1710 quam
1479 1638 1550 1708 V,
1584 1640 1688 1697 593
1722 1639 2038 1710 caelumque
2072 1642 2344 1711 riqando.

326 1708 588 1778 ‘Delevit’
626 1723 791 1794 igitur
817 1724 1011 1779 vitium
1056 1723 1208 1779 istud
1241 1711 1568 1779 scribendo
1613 1723 2001 1794 circumque
2033 1725 2235 1795 riyare
2292 1724 2343 1778 id

327 1811 409 1859 est
432 1806 699 1877 undique.
705 1809 719 1834 '
783 1807 939 1861 Illam
974 1808 1337 1862 mutationem
1369 1823 1442 1862 ne
1467 1806 1819 1862 admittamus
1855 1806 2222 1878 prohibemur
2251 1823 2346 1862 ar·

327 1891 573 1960 gumenti
598 1890 956 1946 conclusione
973 1932 987 1958 ‚
1013 1905 1158 1960 quae
1182 1889 1326 1946 haec
1352 1894 1466 1947 esta

668 1985 780 2018 cum
802 1970 1052 2019 iaciuntur
1072 1977 1120 2019 et
1141 1971 1383 2020 emissum
1404 1982 1486 2018 res
1508 1969 1648 2017 nulla
1668 1977 1918 2029 moratur,

671 2038 806 2099 quod
824 2045 1086 2103 superest,
1105 2039 1193 2087 ubi
1216 2046 1319 2086 tam
1337 2036 1532 2086 volucri
1553 2037 1757 2086 levitate
1781 2036 2034 2099 feruutur,

668 2120 833 2168 quone
856 2107 998 2156 vides
1018 2106 1167 2156 citius
1189 2106 1369 2155 debere
1389 2113 1438 2154 et
1457 2103 1660 2170 longius
1680 2105 1753 2154 ire

531 2175 634 2226 205
670 2174 1033 2240 multiplexque
1053 2175 1151 2225 loci
1171 2176 1395 2240 spatium
1415 2180 1753 2223 transcurrere
1774 2174 1953 2224 eodem

669 2252 895 2309 tempore
914 2259 1014 2307 quo
1033 2245 1157 2294 solis
1178 2242 1476 2308 pervolgant
1494 2241 1686 2291 lumina
1705 2243 1917 2293 caelum.

322 2330 403 2386 lbi
429 2331 575 2385 enim
599 2348 656 2388 v.
681 2334 786 2389 206
807 2331 938 2387 solis
959 2332 1293 2404 pervolgant
1321 2332 1526 2388 lumina
1560 2333 1762 2386 caelu
1769 2348 1831 2407 Jn
1867 2331 1948 2386 sic
1987 2331 2218 2403 respicit
2261 2334 2339 2389 ad

324 2417 506 2470 solum
540 2432 597 2470 v.
620 2418 726 2472 200
766 2421 826 2469 ut
860 2416 1011 2469 nulla
1046 2415 1432 2487 praecessisse
1474 2414 1734 2470 videatur
1767 2415 1937 2470 maris
1962 2431 2028 2469 ac
2054 2421 2342 2472 terrarum

320 2498 556 2567 mentio,
583 2499 762 2569 qualis
786 2498 846 2553 fit
877 2500 933 2553 in
953 2515 1128 2555 versu
1150 2503 1273 2557 201.
1300 2515 1304 2518 ’
1353 2498 1538 2567 Quare
1561 2499 1714 2554 illum
1735 2515 1963 2554 versum
1990 2502 2091 2556 201
2115 2515 2233 2554 non
2266 2518 2341 2556 eo

318 2583 443 2636 loco
461 2624 476 2651 ,
498 2584 593 2638 ubi
616 2599 764 2638 nunc
790 2584 844 2637 in
873 2583 1156 2639 codicibus
1179 2583 1411 2656 legitur,
1454 2599 1487 2640 a
1510 2587 1679 2655 poeta
1699 2582 1941 2655 positum
1983 2598 2112 2638 csse
2136 2584 2342 2639 existi·
2391 2600 2396 2691 ⁴

317 2683 564 2737 mamuS,
594 2668 924 2739 praesertim
960 2684 1084 2723 cum
1121 2669 1286 2723 etiam
1322 2668 1377 2723 in
1405 2667 1673 2738 proximis
1711 2668 1969 2724 versibus
1997 2682 2196 2722 verum
2237 2684 2340 2723 or-

321 2749 508 2806 dinem
549 2753 893 2808 turbaverint
928 2752 1135 2807 librarii
1175 2754 1260 2819 (v.
1294 2749 1519 2807 Lachm.
1559 2752 1615 2806 in
1651 2769 1710 2810 v,
1739 2752 1887 2819 195).
1971 2751 2104 2805 Illuc
2138 2757 2339 2806 autem
2389 2750 2396 2849 1

319 2850 447 2888 eum
482 2836 797 2890 traiecimus
829 2836 922 2891 ubi
963 2851 1035 2890 ne
1070 2835 1308 2890 litterula
1355 2833 1583 2905 quidem
1621 2839 1828 2890 mutata
1850 2835 1920 2888 ab
1943 2833 2096 2888 omni
2118 2822 2340 2891 ταύτο-

318 2914 517 2992 λογίας
532 2918 705 2991 ‘culpa
724 2925 890 2975 vacat
911 2924 1040 2991 post
1064 2936 1117 2974 v.
1144 2921 1274 2977 1862
2385 2908 2396 3143 Ι

663 3016 716 3063 in
738 3028 836 3077 quo
857 3015 956 3064 iam
978 3029 1163 3079 genere
1184 3021 1263 3062 est
1282 3014 1405 3064 solis
1426 3015 1515 3065 lux
1533 3022 1582 3063 et
1599 3029 1762 3079 vapor
1781 3015 1892 3063 eius

660 3090 932 3148 propterea
951 3084 1070 3145 quia
1091 3090 1210 3132 sunt
1232 3098 1260 3132 e
1276 3083 1457 3147 primis
1478 3083 1615 3132 facta
1632 3083 1840 3132 minutis
1853 3117 1867 3140 ‚

527 3150 625 3201 185
658 3166 791 3215 quae
811 3151 959 3214 quasi
978 3151 1233 3201 cuduntur
1249 3166 1441 3217 perque
1461 3152 1594 3201 aeris
1613 3150 1935 3201 intervallum

662 3235 763 3270 non
783 3220 1014 3270 dubitant
1032 3221 1247 3269 transire
1265 3222 1499 3284 sequenti
1520 3220 1713 3271 concita
1728 3220 1883 3285 plaga
2387 3194 2396 3299 Ι

522 3287 622 3340 201
664 3303 855 3354 perque
876 3287 1044 3339 volare
1063 3303 1199 3338 mare
1220 3303 1280 3339 ao
1299 3296 1457 3340 terras
1477 3288 1778 3351 caelumque
1797 3289 1984 3352 rigare.

312 3372 499 3444 Atque
533 3373 678 3431 haec
711 3375 938 3446 quidem
976 3374 1249 3431 hactenus
1287 3376 1435 3432 dicta
1470 3380 1632 3429 sunto
1669 3373 1741 3429 de
1765 3373 1999 3446 singulis
2037 3382 2334 3446 corrupte·
2391 3352 2396 3455 1

312 3457 492 3512 tarum
517 3459 839 3532 generibuS.
906 3459 1207 3515 Praeterea
1228 3459 1474 3515 breviter
1496 3456 1606 3513 hoc
1641 3458 1765 3512 loco
1791 3455 2172 3528 perstringere
2196 3476 2335 3530 per·
2367 3506 2396 3787 ἃ
