2409 3825
1163 176 1186 234 1
2099 173 2182 240 23

329 345 501 405 multa
532 344 822 405 elementa
843 343 1006 404 vides
1030 343 1220 404 multis
1247 345 1562 404 communia
1588 346 1781 406 verbis
1798 390 1817 423 ,

197 439 301 494 8⁵25
329 448 458 491 cum
478 439 665 490 tamen
690 428 842 488 inter
864 447 930 489 se
953 445 1157 489 versus
1180 445 1251 487 ac
1273 427 1451 488 verba
1472 439 1777 490 necessest

334 515 647 575 confiteare
671 521 731 572 et
751 531 816 571 re
842 521 901 572 et
926 512 1112 573 sonitu
1136 511 1347 572 distare
1372 513 1611 572 sonanti.

334 607 546 659 tantum
569 597 854 658 elementa
880 605 1091 674 queunt
1117 604 1437 675 permutato
1462 595 1660 656 ordine
1685 597 1845 657 solo:

334 668 387 744 at
411 699 606 742 rerum
633 698 777 760 quae
801 688 930 741 sunt
952 679 1287 759 primordia,
1316 679 1477 759 plura
1501 680 1773 741 adhibere

333 775 577 846 possunt
600 764 748 824 unde
775 774 981 843 queant
1001 765 1190 823 variae
1227 782 1322 824 res
1347 782 1605 844 quaeque
1632 767 1830 826 creari.

202 858 311 913 830
413 848 582 910 Nunc
606 858 666 910 et
687 849 1060 926 Anaxagorae
1084 850 1403 908 scrutemur
1425 848 1884 910 homoeomerian

335 953 504 1013 quam
528 930 658 993 Grai
680 941 990 993 memorant
1013 949 1123 992 nec
1145 940 1339 993 nostra
1362 931 1556 992 dicere
1577 932 1766 1011 lingua

336 1016 606 1078 concedit
629 1017 795 1077 nobis
816 1016 980 1096 patrii
1003 1018 1282 1077 sermonis
1307 1025 1538 1095 egestas
1553 1063 1571 1095 ‚

332 1101 440 1163 sed
460 1110 649 1162 tamen
678 1103 859 1180 ipsam
881 1118 1004 1160 rem
1026 1099 1254 1161 facilest
1278 1118 1570 1180 exponere
1593 1103 1803 1164 verbis.

333 1186 620 1266 principio
636 1231 653 1263 ,
677 1202 867 1245 rerum
890 1201 1061 1263 quom
1087 1183 1223 1244 dicit
1245 1183 1704 1247 homoeomerian
1724 1234 1742 1266 ‚

204 1277 310 1333 &5
334 1289 469 1331 ossa
485 1316 504 1349 ‚
529 1268 803 1329 videlicet
820 1315 837 1347 ,
864 1287 897 1328 e
922 1268 1186 1348 pauxillis
1209 1278 1380 1347 atque
1403 1271 1628 1332 minutis

336 1355 566 1416 ossibus
587 1352 683 1414 hic
712 1363 770 1413 et
794 1352 865 1413 de
889 1352 1153 1433 pauxillis
1177 1361 1347 1431 atque
1371 1355 1596 1415 minutis

332 1438 655 1500 visceribus
679 1440 875 1498 viscus
898 1439 1055 1515 gigni
1085 1455 1454 1515 sanguenque
1485 1441 1667 1523 creari

336 1523 625 1600 sanguinis
655 1523 803 1582 inter
829 1541 894 1582 se
920 1520 1109 1582 multis
1137 1522 1464 1581 coeuntibu’
1486 1525 1662 1600 guttis

336 1626 408 1667 ex
427 1607 661 1685 aurique
686 1615 844 1684 putat
865 1607 1026 1667 micis
1060 1607 1379 1666 consistere
1404 1624 1580 1684 posse

205 1701 316 1755 840
335 1709 531 1751 aurum
554 1699 613 1751 et
637 1689 708 1769 de
731 1692 899 1750 terris
928 1700 1135 1750 terram
1162 1707 1547 1749 concrescere
1571 1693 1761 1769 parvis
1782 1738 1799 1768 ,

335 1774 563 1853 ignibus
590 1793 663 1834 ex
686 1775 833 1851 ignis
849 1819 866 1852 ,
892 1790 1144 1834 umorem
1167 1772 1457 1835 umoribus
1481 1792 1615 1834 esse
1634 1820 1651 1852 ,

339 1869 532 1921 cetera
561 1856 838 1919 consimili
859 1859 1016 1938 fingit
1038 1860 1259 1920 ratione
1281 1865 1570 1938 putatque.

336 1963 447 2005 nec
470 1954 656 2006 tamen
680 1962 815 2004 esse
838 1942 952 2003 ulla
973 1943 1122 2004 idem
1146 1960 1222 2003 ex
1244 1953 1405 2022 parte
1428 1945 1486 2003 in
1507 1945 1681 2006 rebus
1703 1947 1867 2006 inane

341 2025 607 2089 concedit
623 2073 640 2105 ,
666 2046 855 2107 neque
882 2028 1223 2107 corporibus
1250 2028 1416 2087 finem
1440 2047 1575 2089 esse
1600 2031 1881 2092 secandis.

200 2121 312 2175 845
338 2130 510 2192 quare
534 2113 592 2171 in
613 2121 849 2190 utraque
873 2112 1005 2171 mihi
1028 2114 1241 2191 pariter
1261 2113 1479 2172 ratione
1501 2112 1724 2175 videtur

338 2215 530 2257 errare
551 2205 719 2275 atque
743 2195 863 2273 illi,
888 2214 1060 2275 supra
1083 2213 1230 2274 quos
1261 2194 1499 2257 diximus
1522 2206 1670 2257 ante.

336 2280 481 2341 adde
512 2281 661 2359 quod
685 2280 955 2341 inbecilla
978 2282 1140 2341 nimis
1165 2280 1466 2359 primordia
1490 2281 1676 2360 fingit;

336 2368 385 2426 si
408 2364 709 2444 primordia
731 2374 899 2443 sunt,
925 2364 1092 2426 simili
1117 2383 1262 2443 quae
1284 2362 1537 2444 praedita
1560 2376 1820 2428 constant

332 2459 527 2509 natura
548 2458 718 2528 atque
742 2450 904 2529 ipsae
927 2467 1024 2510 res
1049 2458 1177 2510 sunt
1196 2494 1215 2526 ,
1240 2467 1538 2529 aequeque
1563 2449 1818 2512 laborant

196 2543 312 2598 850
333 2543 392 2594 et
414 2543 688 2612 pereunt,
713 2552 903 2612 neque
926 2533 996 2593 ab
1022 2535 1196 2594 exitio
1218 2551 1315 2595 res
1339 2532 1453 2593 ulla
1475 2534 1743 2595 refrenat.

334 2635 460 2678 nam
481 2616 615 2697 quid
638 2619 693 2678 in
715 2635 999 2697 oppressu
1021 2616 1210 2678 valido
1233 2618 1451 2677 durabit
1474 2634 1670 2678 eorum
1685 2665 1702 2697 ,

332 2710 393 2761 ut
417 2710 656 2761 mortem
679 2701 947 2780 effugiat,
979 2701 1080 2762 leti
1105 2702 1212 2764 sub
1235 2700 1497 2763 dentibus
1519 2702 1661 2780 ipsis
1675 2700 1705 2761 ⁴?

330 2786 514 2864 ignis,
540 2803 610 2846 an
631 2803 792 2846 umor
808 2832 826 2864 ‚
850 2804 920 2845 an
942 2783 1117 2846 aura?
1143 2785 1277 2864 quid
1299 2781 1540 2846 horum?
1575 2804 1829 2865 sanguen
1846 2834 1864 2865 ‚
1899 2806 1969 2848 an
1995 2783 2172 2850 ossa?

330 2869 409 2930 nil
426 2915 444 2947 ‚
468 2879 530 2932 ut
553 2871 757 2950 opinor
774 2915 793 2948 ‚
819 2869 915 2931 ubi
940 2888 1014 2930 ex
1036 2888 1223 2950 aequo
1245 2889 1341 2931 res
1366 2870 1614 2932 funditus
1639 2873 1818 2934 omnis

197 2963 306 3017 855
329 2964 444 3016 tam
463 2954 716 3015 mortalis
741 2956 849 3015 erit
873 2973 1037 3035 quam
1060 2973 1205 3032 quae
1228 2955 1523 3015 manifesta
1543 2955 1800 3019 videmus
1833 2987 1838 2994 ·

331 3057 406 3100 ex
426 3037 613 3101 oculis
635 3042 848 3101 nostris
870 3039 1055 3119 aliqua
1076 3041 1133 3098 vi
1161 3040 1315 3099 victa
1335 3041 1544 3118 perire.

330 3133 388 3183 at
408 3141 599 3203 neque
623 3124 925 3185 reccidere
945 3123 1017 3185 ad
1039 3122 1213 3184 nilum
1232 3142 1329 3185 res
1353 3140 1532 3203 posse
1555 3142 1744 3203 neque
1766 3133 1951 3186 autem

330 3224 605 3269 crescere
630 3206 701 3269 de
723 3207 842 3269 nilo
863 3217 1049 3269 testor
1068 3226 1165 3270 res
1188 3217 1318 3270 ante
1342 3208 1628 3289 probatas.

328 3300 629 3370 praeterea
652 3293 914 3373 quoniam
940 3293 1101 3354 cibus
1123 3302 1297 3371 auget
1321 3308 1532 3371 corpus
1554 3291 1765 3372 alitque
1783 3336 1802 3369 ,

197 3381 307 3439 ὅθ
325 3376 479 3437 scire
499 3373 643 3437 licet
664 3376 831 3438 nobis
856 3394 1032 3438 venas
1058 3384 1116 3436 et
1139 3394 1394 3455 sanguen
1415 3384 1475 3437 et
1501 3393 1636 3436 ossa

328 3501 1620 3521 0000000000000
