2409 3825
710 191 811 240 111.
872 188 1261 240 ARISTIDES.
1309 186 1462 237 1-3.
1978 174 2064 245 15

109 327 553 494 stass?
578 324 962 475 fflffsszr
992 302 1846 493 55‡.2132.2.233..5320{.r⁰..²
1846 324 2061 495 ,ἃς

110 495 496 579 pellaretur.
582 493 691 558 hic
746 459 965 558 decem
1018 514 1337 557 annorum
1377 482 1735 577 legitimam
1781 514 2059 578 poenam

60 614 79 629 ..
108 600 267 644 non
315 578 602 662 pertulit.
699 598 853 641 nam
905 581 1250 661 postquam
1301 575 1544 641 Xerxes
1595 576 1669 641 in
1724 575 2058 642 Graeciam
2086 590 2121 640 5

114 661 489 747 descendit,
544 664 724 727 sexto
765 660 901 725 fere
951 682 1123 725 anno
1167 678 1362 744 quam
1405 664 1544 725 erat
1584 660 1905 746 expulsus,
1946 683 2061 746 po·

113 747 269 832 puli
313 747 475 810 scito
518 746 591 809 in
628 745 905 829 patriam
934 746 1267 810 restitutus
1298 748 1413 809 est.

298 828 607 895 Interfuit
661 833 874 894 autem
924 849 1181 913 pugnae
1224 828 1442 893 navali
1496 828 1668 912 apud
1710 827 2056 914 Salamina,
2090 830 2134 895 2

118 935 297 1000 quae
341 914 514 979 facta
555 916 657 979 est
695 913 874 996 prius
916 934 1111 996 quam
1151 934 1366 996 poena
1404 912 1802 978 liberaretur.
1889 912 2061 978 idem

118 1002 394 1084 praetor
434 997 562 1062 fuit
601 997 1097 1061 Atheniensium
1133 997 1306 1081 apud
1345 995 1641 1061 Plataeas
1682 997 1753 1062 in
1790 998 2060 1082 proelio,

169 1105 262 1146 uo
307 1080 685 1146 Mardonius
724 1079 906 1145 fusus
932 1081 1479 1165 barbarorumque
1507 1082 1823 1146 exercitus
1866 1082 2062 1147 inter-

154 1169 342 1230 ectus
385 1169 498 1230 est.
585 1185 795 1249 neque
837 1164 1013 1229 aliud
1054 1168 1154 1230 est
1191 1165 1398 1229 ullum
1439 1165 1631 1230 huius
1668 1166 1740 1230 in
1782 1186 1853 1230 re
1895 1167 2060 1230 mili·
2088 1181 2121 1229 2

120 1251 260 1316 tari
312 1250 562 1314 illustre
615 1249 882 1344 {aetum⁴
923 1264 1118 1346 quam
1176 1237 1371 1314 h'uius
1424 1249 1679 1334 imperii
1735 1242 2063 1335 memoria,

123 1334 419 1399 iustitiae
462 1355 614 1398 vero
659 1338 725 1397 et
764 1333 1107 1417 aequitatis
1161 1336 1229 1397 et
1266 1334 1676 1398 innocentiae
1718 1334 1950 1417 multa,
1994 1335 2067 1398 in

123 1419 379 1504 primis,
425 1416 599 1500 quod
641 1418 798 1481 eius·
821 1416 1141 1500 aequitate
1169 1416 1415 1492 factum
1444 1420 1559 1501 est,
1604 1439 1749 1489 cnm
1792 1418 1865 1481 in
1895 1439 2064 1483 com·
2107 1430 2156 1479 εν

125 1503 319 1568 muni
349 1502 548 1588 classe
584 1504 751 1566 esset
793 1500 1098 1565 Graeciae
1141 1499 1334 1564 simul
1377 1521 1525 1565 cum
1551 1501 1890 1584 Pausania,
1934 1523 2063 1585 quo

129 1587 296 1651 duce
326 1582 699 1649 Mardonius
731 1580 869 1648 e'rat
896 1584 1176 1669 fugatus,
1207 1587 1283 1647 ut
1309 1605 1559 1667 summa
1585 1585 1840 1668 imperii
1878 1587 2065 1650 mari-

127 1671 279 1735 timi
319 1670 401 1734 ab
442 1668 962 1733 Lacedaemoniis
999 1666 1456 1732 transferretur
1482 1667 1565 1732 ad
1603 1668 2061 1733 Athenienses:

127 1776 287 1820 nam
334 1775 416 1818 ue
459 1756 608 1818 ante
647 1751 717 1817 id
756 1756 1010 1836 tempus
1054 1747 1120 1815 et
1145 1751 1310 1815 mari
1352 1754 1419 1815 et
1449 1754 1622 1816 terra
1662 1751 1852 1818 duces
1881 1758 2065 1818 erant
2091 1767 2123 1816 3

32 1840 35 1859 ³
127 1838 303 1904 Lace
349 1837 646 1902 aemonii.
730 1840 871 1901 tum
912 1839 1128 1900 autem
1187 1838 1256 1899 et
1294 1835 1792 1920 intemperantia
1831 1837 2066 1902 Pausa-

128 1926 283 1988 niae
329 1926 395 1987 et
435 1922 681 1987 iustitia
736 1920 979 1986 factum
1022 1924 1118 1986 est
1159 1919 1463 1985 Aristidis
1476 1970 1495 2003 ,
1548 1923 1625 1984 ut
1666 1941 1888 1986 omnes
1929 1921 2066 1987 fere

32 2039 35 2040 ⁷
133 2008 432 2073 civitates
487 2005 791 2070 Graeciae
857 2004 939 2069 ad
1003 2004 1501 2069 Atheniensium
1562 2005 1932 2070 societatem
1997 2028 2066 2071 se

135 2091 540 2176 applicarent
590 2094 659 2155 et
711 2089 1012 2154 adversus
1055 2089 1373 2154 'barbaros
1426 2087 1549 2153 hos
1601 2087 1792 2153 duces
1834 2088 2067 2175 delige-

136 2179 284 2241 rent
327 2175 469 2240 sibi.

309 2257 488 2334 Quos
530 2279 659 2342 quo
713 2257 967 2323 facilius
1018 2258 1433 2343 repellerent,
1492 2257 1549 2322 si
1600 2256 1774 2322 forte
1823 2258 2063 2323 bellum
2095 2260 2139 2326 3

136 2364 451 2410 renovare
479 2347 881 2427 conarentur,
905 2341 988 2407 ad
1015 2343 1247 2408 classes
1276 2341 1701 2407 aedificandas
1730 2343 2068 2407 exercitus-

180 2450 263 2494 ue
308 2427 771 2511 comparandos
799 2430 1113 2510 quantum
1153 2426 1465 2510 pecuniae
1509 2446 1800 2510 quaeque
1844 2426 2070 2491 civitas

139 2451 351 2597 garet,
410 2510 725 2594 Aristides,
781 2510 1061 2588 delectus
1116 2514 1217 2575 est
1257 2510 1370 2593 qui
1413 2510 1861 2593 constitueret,
1907 2509 2068 2573 eius-

140 2618 264 2681 que
319 2596 587 2660 arbitrio
630 2585 1073 2679 quadringena
1113 2596 1181 2657 et
1223 2612 1543 2689 sexagena
1593 2591 1841 2656 talenta
1886 2596 2070 2675 quot·

32 2719 35 2736 ι
139 2682 329 2746 annis
378 2678 615 2744 Delum
668 2681 822 2743 sunt
866 2677 1131 2742 collata:
1188 2675 1260 2741 id
1301 2697 1476 2740 emm
1517 2696 1856 2741 commune
1898 2697 2070 2739 aera·

134 2766 307 2831 rium
364 2785 501 2829 esse
555 2762 916 2827 voluerunt.
1012 2782 1176 2846 quae
1221 2760 1430 2825 omnis
1483 2758 1758 2843 pecunia
1809 2762 2068 2843 postero

135 2853 430 2933 tempore
471 2847 761 2912 Athenas
801 2847 1113 2912 translata
1154 2849 1269 2909 est.
1341 2844 1452 2909 hic
1479 2865 1607 2928 qua
1648 2843 1847 2907 fuerit
1874 2844 2066 2909 absti-u
2094 2857 2129 2906 2

135 2934 381 3016 nentia,
425 2931 679 3016 nullum
708 2934 806 2996 est
843 2930 1075 2995 certius
1102 2928 1431 3012 indicium,
1478 2949 1670 3011 quam
1700 2925 1892 3011 quod,
1923 2950 2070 3008 cum
2139 2955 2148 2962 ·

78 3082 82 3085 ⁴
135 3018 337 3085 tantis
376 3016 571 3080 rebus
613 3014 1012 3098 praefuisset,
1055 3014 1128 3078 in
1152 3016 1340 3077 tanta
1375 3015 1751 3096 paupertate
1781 3012 2068 3096 decessit,

132 3107 209 3167 ut
237 3101 354 3185 qui
376 3100 709 3164 efferretur
729 3100 838 3162 vix
859 3097 1207 3181 reliquerit.
1273 3117 1401 3180 quo
1422 3096 1666 3160 factum
1685 3099 1783 3160 est
1802 3100 1878 3160 ut
1896 3096 2065 3161 filiae
2096 3109 2132 3157 3

137 3187 272 3251 eius
316 3183 576 3269 publice
606 3183 928 3248 alerentur
971 3185 1037 3246 et
1064 3181 1140 3245 de
1171 3181 1497 3245 communi
1536 3180 1781 3245 aerario
1813 3179 2069 3244 dotibus

32 3313 35 3326 f
137 3270 300 3335 datis
345 3268 835 3333 collocarentur.
920 3264 1190 3329 decessit
1233 3268 1447 3329 autem
1474 3263 1610 3328 fere
1636 3267 1787 3346 post
1826 3284 2068 3327 annum

137 3358 460 3439 quartum,
508 3372 701 3433 quam
744 3349 1203 3415 Themistocles
1248 3347 1524 3412 Athenis
1569 3350 1709 3438 erat
1748 3345 2065 3430 expulsus.
