2409 3825
1158 190 1212 250 V
1446 240 1457 251 ,
2059 188 2184 258 145

357 356 597 438 proinde
622 359 783 435 quasi
805 356 862 416 id
884 358 1005 416 fieri
1027 348 1276 435 nequeat
1307 356 1458 435 quod
1480 369 1692 437 pugnat
1721 369 1962 440 uterque
1979 406 2000 442 ,

357 451 455 502 aut
482 443 663 501 minus
687 440 799 500 hoe
825 440 924 500 illo
948 443 1020 501 sit
1045 459 1147 500 cur
1167 440 1503 520 amplectier
1524 444 1695 503 ausis.

360 525 607 603 denique
639 543 740 584 cur
761 534 1007 602 nequeat
1036 542 1268 603 semper
1294 542 1440 585 nova
1462 525 1592 584 luna
1620 529 1800 587 creari

229 615 337 671 730
357 608 554 668 ordine
586 608 885 668 formarum
911 617 1071 668 certo
1095 610 1384 687 certisque
1405 608 1631 686 figuris,

359 695 533 770 inque
560 692 683 753 dies
708 693 902 771 privos
931 693 1177 753 aborisci
1208 710 1472 770 quaeque
1500 702 1690 753 creata

361 786 535 853 atque
562 775 670 835 alia
692 773 842 836 illius
866 778 1112 854 reparari
1133 778 1188 835 in
1208 785 1370 855 parte
1393 775 1642 855 locoque
1660 822 1678 853 .,

362 857 652 919 difficilest
672 861 888 920 ratione
913 859 1127 918 docere
1150 869 1210 919 et
1229 861 1461 919 vincere
1484 861 1676 920 verbis
1691 905 1709 937 ‚
1796 906 1817 921 a

362 941 558 1002 ordine
586 961 712 1002 cum
728 945 961 1020 possint
980 953 1093 1003 tam
1121 952 1281 1003 certo
1309 942 1479 1003 multa
1513 946 1711 1003 creari.

232 1033 338 1088 735
361 1027 406 1086 it
425 1044 531 1086 ver
553 1035 610 1086 et
631 1026 826 1088 Venus
841 1071 860 1103 ‚
890 1036 950 1087 et
969 1028 1124 1086 veris
1145 1029 1508 1105 praenuntius
1531 1037 1662 1087 ante

358 1119 638 1189 pennatus
662 1110 910 1187 graditur
934 1110 1218 1187 zephyrus
1234 1155 1252 1186 ‚
1276 1113 1519 1187 vestigia
1546 1121 1786 1190 propter

360 1191 529 1253 Flora
552 1194 752 1270 quibus
780 1203 959 1254 mater
977 1211 1396 1273 praespargens
1419 1203 1548 1254 ante
1577 1196 1684 1253 viai

361 1286 565 1337 cuncta
587 1277 874 1338 coloribus
899 1278 1151 1355 egregiis
1174 1287 1235 1337 et
1259 1277 1527 1338 odoribus
1551 1278 1767 1357 opplet.

358 1360 489 1420 inde
513 1360 628 1419 loci
658 1363 913 1439 sequitur
937 1360 1093 1421 calor
1112 1361 1301 1421 aridus
1325 1370 1383 1420 et
1411 1378 1604 1422 comes
1630 1380 1738 1421 una

231 1451 338 1506 740
364 1442 758 1522 pulverulenta
782 1442 962 1504 Ceres
992 1454 1047 1504 et
1077 1446 1258 1505 etesia
1280 1444 1453 1505 flabra
1480 1445 1819 1522 aquilonum.

359 1528 491 1586 inde
515 1537 806 1588 autumnus
832 1526 977 1604 adit,
1004 1528 1255 1605 graditur
1277 1527 1441 1598 simul
1468 1527 1684 1588 Euhius
1707 1528 1882 1588 Euan.

359 1609 492 1670 inde
517 1610 659 1671 aliae
679 1621 1053 1690 tempestates
1077 1614 1347 1690 ventique
1376 1622 1648 1672 secuntur
1664 1657 1682 1689 ‚

359 1693 658 1755 altitonans
680 1694 990 1756 Volturnus
1015 1706 1073 1755 et
1095 1706 1288 1759 auster
1316 1695 1547 1755 fulmine
1578 1695 1823 1773 pollens.

362 1777 588 1837 tandem
609 1779 802 1856 bruma
823 1780 984 1839 nives
1013 1779 1195 1839 adfert
1219 1781 1555 1858 pigrumque
1579 1781 1826 1856 rigorem
1841 1825 1859 1856 ‚

225 1869 334 1926 ⁷45
357 1861 545 1941 prodit
566 1861 746 1924 hiems
762 1907 780 1940 ‚
806 1864 1061 1940 sequitur
1083 1865 1366 1943 crepitans
1394 1863 1538 1924 hane
1565 1863 1825 1925 dentibus
1848 1863 2027 1942 algor.

361 1963 474 2023 quo
495 1948 675 2006 minus
701 1957 791 2007 est
811 1949 1007 2005 mirum
1025 1992 1043 2024 ,
1067 1949 1115 2008 si
1142 1957 1302 2008 certo
1325 1957 1582 2027 tempore
1603 1946 1735 2008 luna

358 2031 607 2106 gignitur
630 2040 690 2090 et
715 2040 874 2091 certo
898 2030 1121 2090 deletur
1144 2041 1402 2110 tempore
1430 2050 1596 2092 rusus
1614 2078 1631 2110 ‚

362 2130 489 2171 cum
513 2113 634 2172 fieri
657 2116 878 2193 possint
905 2123 1014 2173 tam
1045 2124 1203 2175 certo
1228 2125 1485 2193 tempore
1513 2115 1703 2174 multa.

442 2194 595 2256 Solis
622 2198 756 2258 item
782 2215 1008 2276 quoque
1035 2198 1296 2260 defectus
1325 2199 1605 2277 lunaeque
1627 2198 1874 2258 latebras

220 2286 331 2343 750
359 2279 615 2359 pluribus
640 2299 673 2339 e
699 2282 884 2341 causis
917 2282 1039 2341 lieri
1062 2281 1160 2341 tibi
1186 2300 1363 2361 posse
1387 2282 1761 2361 putandumst,

357 2381 482 2422 nam
507 2381 608 2423 eur
630 2363 757 2423 luna
781 2373 951 2443 queat
977 2374 1181 2425 terram
1211 2366 1513 2427 secludere
1538 2366 1678 2426 solis

358 2445 566 2506 lumine
589 2457 647 2506 et
666 2465 699 2507 a
719 2450 886 2508 terris
909 2446 1080 2508 altum
1104 2458 1273 2527 caput
1295 2450 1592 2509 obstruere
1619 2450 1707 2525 ei,

360 2530 616 2590 obiciens
641 2548 872 2590 caecum
896 2531 1062 2591 radiis
1085 2532 1411 2592 ardentibus
1443 2532 1667 2598 orbem;

357 2623 617 2692 tempore
648 2614 850 2674 eodem
872 2614 1005 2674 aliut
1024 2615 1226 2675 facere
1249 2615 1304 2673 id
1324 2632 1436 2673 non
1459 2632 1635 2692 posse
1658 2623 1886 2693 putetur

226 2704 335 2760 755
366 2714 574 2775 eorpus
590 2742 609 2774 ‚
635 2698 788 2774 quod
811 2716 1035 2758 cassum
1055 2697 1275 2757 labatur
1294 2697 1502 2757 lumine
1532 2693 1804 2775 semper?

357 2779 564 2857 solque
588 2798 723 2840 suos
752 2782 920 2841 etiam
941 2781 1219 2842 dimittere
1242 2781 1537 2857 languidus
1557 2783 1705 2857 ignis

357 2873 615 2942 tempore
642 2882 742 2923 cur
762 2874 922 2924 certo
943 2874 1224 2943 nequeat,
1246 2882 1627 2943 recreareque
1650 2864 1836 2925 lumen
1852 2910 1871 2942 ‚

359 2964 485 3007 cum
515 2946 643 3007 loca
664 2950 955 3024 praeteriit
983 2948 1214 3009 flammis
1236 2948 1440 3008 infesta
1462 2967 1568 3027 per
1594 2966 1755 3008 auras
1774 2994 1792 3025 ‚

358 3048 504 3107 quae
526 3030 737 3091 faciunt
759 3033 906 3108 ignis
927 3032 1284 3108 interstingui
1312 3041 1482 3110 atque
1510 3028 1743 3111 perire?

216 3120 334 3178 760
362 3123 421 3173 et
447 3132 546 3172 eur
568 3124 718 3175 terra
740 3123 910 3192 queat
930 3115 1114 3174 lunam
1137 3115 1387 3193 spoliare
1410 3116 1662 3176 vicissim

356 3197 565 3256 lumine
596 3208 654 3257 et
678 3215 1017 3277 oppressum
1038 3198 1221 3259 solem
1244 3216 1419 3276 super
1439 3194 1564 3276 ipsa
1585 3209 1785 3278 tenere
1803 3242 1820 3274 ‚

353 3290 637 3341 menstrua
661 3279 789 3340 dum
810 3281 1018 3357 rigidas
1043 3283 1170 3341 coni
1191 3281 1503 3359 perlabitur
1524 3281 1776 3348 umbras;

353 3373 615 3442 tempore
638 3364 842 3425 eodem
859 3363 995 3423 aliut
1015 3373 1261 3440 nequeat
1289 3380 1627 3423 succurrere
1655 3362 1821 3422 lunae

356 3462 568 3525 eorpus
591 3446 688 3507 vel
712 3464 884 3525 supra
904 3445 1044 3507 solis
1066 3445 1354 3524 perlabier
1378 3445 1573 3505 orbem
1589 3490 1606 3522 ‚

259 3537 584 3592 Lucam-ms.
1794 3523 1871 3581 lo
