2409 3825
326 181 449 248 108
879 194 1049 245 xxv.
1124 194 1435 247 ammos.
1480 192 1564 244 12.
1610 192 1692 245 ιε.

319 335 461 398 tum
500 333 768 416 propter
807 352 1075 418 magnas
1133 331 1269 396 eius
1312 330 1652 396 Africanas
1702 331 2143 415 possessiones
2186 333 2262 400 in

367 416 828 501 roscriptorum
880 436 1220 481 numerum
1276 436 1315 480 a
1366 415 1442 480 P.
1485 413 1872 499 Volumnio,
1925 417 2261 515 praefecto

261 512 293 562 5
353 501 580 566 abrum
621 500 915 583 Antonii,
958 502 1289 565 absentem
1331 499 1608 565 relatum
1652 499 1995 583 expedint.
2084 502 2264 586 quod

319 585 392 649 in
465 585 745 650 raesenti
772 589 990 649 utrum
1034 584 1094 648 ei
1121 583 1506 649 laboriosius
1548 605 1634 648 an
1663 584 2010 669 gloriosius
2037 584 2262 670 fuerit,

321 607 583 734 difficile
640 673 739 734 est
790 667 1069 734 iudicare
1079 696 1100 751 3
1155 666 1331 752 quod
1383 667 1454 732 in
1497 688 1720 733 eorum
1772 668 2077 752 periculis
2119 691 2264 735 non

322 774 504 818 secus
548 753 843 818 absentes
887 773 1079 837 quam
1130 752 1500 835 praesentes
1555 752 1795 819 amicos
1839 752 2061 818 Attico
2121 775 2262 818 esse

322 857 509 903 curae
554 836 886 923 cognitum
930 841 1052 901 est:

223 921 303 985 13
486 918 718 1005 Neque
778 941 933 986 vero
996 920 1107 984 ille
1169 919 1386 984 minus
1448 920 1658 985 bonus
1722 923 1909 1004 pater
1970 919 2262 986 familias

317 1004 578 1071 habitus
622 1008 719 1069 est
760 1014 954 1101 q‘uam
989 1004 1164 1069 civia
1252 1025 1404 1069 nam
1440 1024 1595 1084 cum
1637 1008 1803 1069 esset
1841 1004 2259 1090 pecuniosus,

318 1108 511 1154 nemo
554 1088 670 1154 illo
699 1109 913 1152 mmus
940 1086 1070 1152 fuit
1098 1109 1301 1171 emax,
1335 1088 1551 1153 minus
1580 1086 1966 1154 aedificator.
2038 1109 2258 1174 neque
2358 1148 2359 1169 2

318 1177 539 1237 tamen
590 1193 728 1238 non
790 1172 862 1236 in
924 1171 1151 1255 primis
1209 1170 1379 1237 bene
1442 1171 1761 1237 habitavit
1823 1172 2125 1238 omnibus
2170 1194 2256 1238 ue
2360 1200 2361 1239 ι

261 1270 292 1317 2
324 1256 585 1340 optimis
628 1257 818 1321 rebus
859 1277 1012 1321 usus
1042 1259 1154 1321 est.
1228 1278 1383 1321 nam
1411 1254 1673 1340 domum
1698 1256 1928 1321 habuit
1970 1257 2043 1320 in
2083 1278 2162 1322 co
2216 1279 2254 1322 e
2360 1250 2361 1285 ³

321 1338 642 1416 Quirinali
681 1339 1201 1425 Tamphilianam
1213 1390 1233 1424 ,
1277 1341 1360 1406 ab
1402 1340 1721 1406 avunculo
1760 1339 2111 1406 hereditate
2153 1361 2255 1406 re-
2360 1402 2361 1411 ,

319 1425 556 1509 lictam,
600 1424 779 1490 cuius
821 1425 1176 1491 amoenitas
1219 1446 1356 1491 non
1392 1424 1702 1508 aedificio,
1746 1424 1858 1490 sed
1899 1424 2063 1489 silva
2098 1446 2257 1490 con·
2360 1478 2361 1493 ,

319 1510 559 1575 stabat:
615 1509 833 1593 ipsum
880 1509 1053 1574 enim
1103 1513 1347 1574 tectum
1417 1508 1774 1593 antiquitus
1827 1509 2260 1575 constitutum
2360 1518 2363 1591 j

317 1594 465 1678 plus
508 1593 664 1681 salis
688 1615 881 1692 quam
908 1596 1202 1740 sumptus
1243 1593 1553 1658 habebat:
1596 1593 1668 1657 in
1711 1613 1842 1678 quo
1882 1593 2052 1659 nihil
2080 1613 2261 1660 com-
2362 1626 2363 1661 ÷

259 1690 292 1738 3
321 1679 614 1762 mutavit,
656 1679 786 1743 nisi
828 1678 883 1743 si
926 1700 1037 1762 qul
1107 1680 1427 1742 vetustate
1454 1680 1727 1744 coactus*
1755 1680 1869 1743 est,
1954 1698 2110 1743 usus
2154 1683 2260 1744 est

317 1762 586 1846 familia,
631 1762 687 1827 si
714 1762 995 1828 utilitate
1019 1761 1432 1826 iudicandum
1461 1766 1576 1845 est,
1621 1761 1884 1860 optima,
1929 1762 1985 1826 si
2016 1756 2265 1846 forma,

318 1847 428 1912 vix
482 1845 808 1912 mediocri.
895 1867 1174 1931 namque
1217 1847 1309 1934 in„
1333 1867 1408 1912 ea
1462 1850 1646 1912 erant
1743 1866 1883 1913 ueri
1922 1845 2257 1913 litteratis-

319 1932 496 2014 simi,
551 1934 946 2017 anagnostae
1002 1931 1233 2016 optimi
1291 1934 1358 1997 et
1395 1931 1661 2016 plurimi
1739 1931 1984 2018 'brai-ii,
2047 1936 2123 1996 ut
2164 1954 2255 1997 ne

315 2014 734 2101 pedissequus
777 2014 1036 2101 quidem
1078 2016 1419 2100 quisquam
1448 2020 1629 2100 esset,
1675 2016 1788 2114 qui
1828 2035 1964 2081 non
2004 2019 2255 2081 utrum-

318 2122 444 2186 que
484 2100 720 2166 horum
753 2101 1021 2186 pulchre
1047 2100 1262 2165 facere
1301 2104 1539 2185 posset,
1627 2120 1724 2165 an
1750 2099 1943 2170 modo
1972 2100 2253 2165 artifices

317 2186 544 2269 ceteri,
611 2206 771 2268 quos
837 2185 1046 2249 cultus
1108 2183 1491 2250 domesticus
1598 2183 1900 2282 esiderat,
1956 2184 2252 2268 adprime

258 2284 293 2327 4
324 2269 512 2334 boni..
565 2288 775 2351 neque
801 2271 1020 2334 tamen
1060 2268 1295 2335 horum
1337 2289 1722 2353 quemquam
1765 2268 1893 2334 nisi
1908 2267 2095 2334 domi
2132 2290 2254 2334 na-

315 2356 459 2417 tum
500 2350 800 2436 domique
840 2351 1085 2418 factum
1124 2352 1385 2419 habuit:
1441 2352 1616 2437 quod
1672 2357 1771 2418 est
1810 2352 2068 2439 signum
2110 2375 2256 2419 non

316 2436 528 2503 solum
570 2435 1034 2521 continentiae,
1093 2437 1205 2502 sed
1260 2437 1455 2503 etiam
1497 2436 1887 2522 diligentiae.
1970 2459 2126 2503 nam
2184 2442 2254 2504 et

315 2542 453 2587 non
493 2520 1008 2604 intemperanter
1024 2521 1491 2606 concupiscere,
1538 2520 1712 2605 quod
1751 2542 1788 2585 a
1814 2517 2112 2606 pluriniis
2152 2522 2252 2588 vi·

318 2604 497 2689 deas,
557 2605 950 2703 continentis
1007 2605 1196 2670 debet
1262 2604 1440 2688 duci,
1458 2689 1472 2703 .
1507 2610 1572 2669 et
1594 2690 1608 2703 ·
1626 2606 1846 2690 potius
1879 2688 1895 2703 .
1910 2604 2253 2704 diligentia

257 2784 290 2834 5
318 2694 773 2872 {12231133313
793 2710 1020 2872 ἐξ
991 2710 1247 2856 ῑὲοὲεῗΠ
1277 2688 2249 2872 ‚ssssffl33330‘35’0mfflffi2

314 2878 653 3007 z’fflff
696 2857 2253 3038 Q2f1¹ssssam¹¹331³zaf³ffssa”ssffiffluffimnzss

239 3036 289 3083 .6
315 3030 486 3091 tram
524 3028 775 3111 partem
818 3026 1103 3110 conspici
1143 3029 1381 3109 posset.
1452 3048 1572 3092 nec
1600 3026 1982 3110 praeteribo,
2027 3047 2251 3111 quam-

318 3130 513 3191 quam
552 3110 885 3175 nonnullis
928 3110 1070 3175 leve
1097 3110 1310 3174 visum
1336 3110 1420 3175 iri
1446 3114 1691 3195 putem,
1736 3131 1884 3186 cum
1924 3110 1997 3176 in
2021 3111 2259 3195 primis-

314 3189 531 3253 lautus
576 3196 743 3272 esset
771 3214 963 3277 eques
990 3191 1322 3258 Romanus
1366 3198 1434 3258 et
1462 3213 1598 3259 non
1625 3189 1861 3278 paru&
1894 3194 2252 3262 liberaliter

318 3269 579 3335 domum
641 3297 821 3339 suam
878 3277 1168 3340 omnium
1233 3277 1551 3344 ordinum.
1585 3277 1882 3343 homines
1923 3278 2248 3363 infitaret,

316 3368 455 3412 non
497 3355 770 3435 amplius
814 3379 1007 3440 quam
1048 3364 1236 3425 terna
1276 3361 1459 3430 milia
1498 3372 1818 3446 peraeque
1855 3362 1929 3427 in
1956 3363 2250 3448 singulos

317 3448 569 3495 menses
610 3454 689 3499 ex
732 3439 1137 3521 ephemeride
1178 3465 1327 3509 eum
1358 3466 1710 3530 expensum
1752 3447 2038 3530 sumptui
2078 3447 2250 3514 ferre
