2409 3825
1210 206 1264 266 11
2152 208 2236 274 61

402 389 528 431 nam
558 378 718 432 certe
743 370 921 431 fluere
952 380 1123 450 atque
1145 370 1426 431 recedere
1452 389 1692 451 corpora
1716 373 1887 435 rebus

402 455 574 515 multa
594 472 791 514 manus
822 453 1059 513 dandum
1084 463 1205 515 est:
1231 453 1335 515 sed
1365 454 1528 534 plura
1556 455 1840 518 accedere
1872 458 2080 518 debent
2099 503 2117 536 ,

236 548 372 601 1130
399 539 586 599 donec
608 536 902 598 alescendi
925 556 1197 599 summum
1224 540 1471 616 tetigere
1497 557 1787 599 cacumen.

401 623 530 683 inde
559 623 865 682 minutatim
885 624 1040 682 vires
1065 631 1122 682 et
1143 623 1321 682 robur
1340 622 1589 683 adultum

399 706 606 783 frangit
631 715 689 766 et
713 707 770 765 in
794 715 1012 785 partem
1031 708 1290 784 peiorem
1312 705 1544 786 liquitur
1567 716 1743 768 aetas.

401 792 616 869 quippe
642 791 852 850 etenim
876 798 1085 868 quanto
1111 799 1200 849 est
1223 808 1320 850 res
1344 789 1616 869 amplior,
1649 792 1912 868 aug-mine
1934 791 2233 872 adempte,

399 884 457 934 et
482 890 595 952 quo
620 872 786 933 latior
809 883 934 950 est,
961 875 1017 932 in
1043 883 1278 934 cunctas
1304 874 1553 954 undique
1579 877 1757 954 partis

231 970 251 1018 1
295 967 368 1020 35
398 956 565 1037 plura
587 957 757 1017 modo
781 955 1056 1036 dispargit
1082 966 1140 1017 et
1162 957 1231 1016 ab
1256 976 1321 1019 se
1347 975 1590 1037 corpora
1612 961 1811 1038 mittit,

398 1060 510 1124 nec
537 1039 786 1101 facilem
807 1059 984 1101 venas
1008 1041 1169 1101 cibus
1194 1042 1373 1102 omnis
1398 1041 1602 1102 diditur
1621 1044 1673 1103 ei
1692 1089 1709 1120 ‚

398 1143 511 1185 nec
536 1127 672 1185 satis
699 1133 823 1202 est,
856 1142 965 1204 pro
991 1143 1155 1204 quam
1177 1123 1371 1204 largos
1396 1136 1690 1188 exaestuat
1714 1138 1908 1190 aestus
1925 1175 1943 1207 ‚

394 1208 544 1268 unde
571 1218 740 1287 queat
763 1218 974 1269 tantum
1002 1209 1247 1269 suboriri
1271 1228 1340 1270 ac
1366 1210 1750 1291 subpeditare.

394 1294 518 1352 iure
542 1294 714 1370 igitur
735 1302 1015 1371 pereunt,
1044 1312 1172 1353 cum
1194 1294 1475 1355 rarefacta
1497 1294 1725 1355 fluendo

226 1386 369 1439 1140
395 1386 526 1437 sunt
551 1386 610 1436 et
640 1395 768 1436 cum
793 1379 1046 1438 externis
1072 1377 1449 1439 succumbunt
1473 1381 1657 1438 omnia
1680 1378 1895 1458 plagisz

396 1459 850 1540 quandoquidem
872 1461 1070 1538 grandi
1093 1463 1256 1522 cibus
1280 1479 1425 1522 aevo
1451 1463 1696 1542 denique
1723 1463 1888 1542 defit,

395 1563 505 1603 nec
528 1543 818 1605 tuditantia
841 1561 964 1604 rem
988 1555 1217 1606 cessant
1243 1548 1603 1606 extrinsecus
1627 1545 1796 1606 ullam

396 1645 639 1707 corpora
662 1627 951 1688 conficere
976 1639 1034 1689 et
1057 1627 1244 1707 plagis
1270 1630 1477 1690 infesta
1499 1629 1748 1690 domare.

477 1712 575 1773 Sic
597 1713 769 1790 igitur
790 1714 975 1790 magni
1002 1730 1232 1792 quoque
1266 1715 1478 1773 circum
1506 1716 1727 1774 moenia
1750 1715 1935 1775 mundi

224 1804 361 1859 1145
395 1804 720 1875 expugnata
743 1795 949 1855 dabunt
970 1795 1159 1857 labem
1182 1799 1479 1877 putrisque
1503 1800 1719 1859 ruinas:

392 1882 575 1942 omnia
599 1878 770 1940 debet
796 1881 944 1941 enim
970 1881 1132 1941 cibus
1156 1883 1441 1960 integ-rare
1473 1882 1733 1943 novando

393 1975 452 2025 et
475 1963 678 2024 fulcire
707 1965 869 2025 cibus
887 2010 904 2042 ‚
940 1966 1114 2027 cibus
1140 1969 1324 2026 omnia
1346 1977 1669 2028 sustentare
1690 2014 1707 2044 ‚

389 2051 766 2128 nequiquam,
800 2050 1062 2127 quoniam
1087 2069 1197 2110 nec
1220 2069 1403 2112 venae
1428 2054 1824 2132 perpetiuntur

391 2132 544 2212 quod
567 2134 703 2194 satis
729 2142 853 2210 est,
879 2152 1070 2213 neque
1098 2144 1362 2214 quantum
1384 2153 1529 2215 opus
1556 2145 1645 2197 est
1669 2145 1863 2196 natura
1883 2139 2177 2200 ministrat.

223 2227 360 2281 1150
389 2220 613 2296 iamque
635 2216 780 2277 adeo
806 2217 986 2278 fracta
1009 2229 1099 2279 est
1124 2230 1281 2280 aetas
1300 2220 1635 2299 ,effetaque
1660 2220 1833 2281 tellus

388 2303 486 2360 vix
504 2300 758 2361 animalia
779 2319 954 2381 parva
985 2313 1175 2380 creat,
1207 2322 1352 2382 quae
1379 2314 1582 2365 cuncta
1612 2307 1826 2366 creavit

388 2384 585 2446 saecla
607 2384 875 2465 deditque
900 2387 1145 2446 ferarum
1174 2390 1425 2466 ingentia
1457 2407 1700 2469 corpora
1724 2400 1903 2470 partu.

389 2468 570 2547 haud,
597 2479 656 2529 ut
682 2471 917 2550 opinor,
947 2472 1093 2530 enim
1116 2471 1372 2533 mortalia
1394 2472 1587 2534 saecla
1610 2492 1859 2554 superne

386 2571 557 2613 aurea
581 2552 651 2613 de
677 2553 842 2614 caelo
866 2553 1089 2616 demisit
1110 2556 1301 2618 funis
1285 2576 1339 2616 m
1363 2574 1495 2617 arva
1512 2603 1530 2635 ‚

225 2647 355 2699 1155
386 2655 496 2697 nec
520 2656 671 2698 mare
691 2656 802 2698 nec
826 2637 1031 2699 fluctus
1055 2640 1378 2719 plangentis
1403 2659 1538 2700 saxa
1564 2652 1856 2719 crearunt,

386 2720 493 2782 sed
514 2723 709 2799 genuit
733 2720 907 2783 tellus
931 2724 1130 2784 eadem
1156 2742 1301 2803 quae
1324 2743 1474 2784 nunc
1497 2724 1595 2784 alit
1619 2744 1694 2785 ex
1718 2745 1801 2786 se.

382 2815 682 2885 praeterea
703 2807 905 2867 nitidas
932 2806 1129 2885 fruges
1152 2811 1456 2888 vinetaque
1479 2808 1627 2869 laeta

385 2898 593 2969 sponte
617 2907 719 2951 sua
741 2893 981 2969 primum
1001 2891 1334 2954 mortalibus
1359 2895 1485 2972 ipsa
1517 2896 1768 2972 creavit,

384 2974 510 3052 ipsa
532 2972 686 3034 dedit
709 2973 891 3035 dulcis
916 2975 1066 3037 fetus
1089 2986 1151 3037 et
1169 2976 1377 3056 pabula
1400 2975 1579 3044 laeta:

221 3066 354 3119 1160
383 3074 529 3136 quae
551 3076 702 3118 nunc
723 3061 822 3118 vix
843 3068 1041 3119 nostro
1065 3061 1450 3137 grandescunt
1472 3072 1636 3123 aucta
1661 3063 1860 3125 labore
1874 3107 1892 3140 ‚

383 3144 845 3222 conterimusque
869 3143 1053 3204 boves
1078 3153 1135 3204 et
1156 3147 1295 3206 viris
1320 3146 1765 3225 agricolarum,

381 3226 714 3287 conficimus
737 3227 981 3306 ferrum,
1009 3231 1106 3288 vix
1190 3231 1278 3290 vis
1304 3250 1331 3289 s
1666 3253 1679 3287 :

378 3327 564 3388 usque
589 3310 735 3370 adeo
758 3310 999 3390 parcunt
1024 3312 1174 3373 fetus
1199 3323 1524 3392 augentque
1547 3313 1764 3376 labore

377 3394 603 3472 iamque
633 3405 802 3493 caput
829 3413 1104 3473 quassans
1129 3396 1359 3473 grandis
1384 3400 1630 3474 suspirat
1653 3405 1839 3456 arator

215 3485 344 3539 1165
379 3477 673 3556 crebrius,
705 3480 990 3538 incassum
1012 3496 1271 3538 manuum
1298 3480 1581 3539 cecidisse
1603 3480 1869 3550 labores,
1959 3537 1977 3548 ,
