2409 3825
879 187 1303 244 PRAEFATIO.
2030 207 2093 249 ιχ

80 373 187 411 non
208 355 416 412 habeat
438 372 549 427 quo
575 357 878 424 reseratur,
906 362 1078 410 totum
1103 357 1289 410 locum
1313 356 1761 427 transponendo,
1799 358 2086 427 mutando,

79 440 472 513 distinguendo
497 439 904 496 administravit
923 438 1314 495 Lachmannus
1339 438 1450 493 sic.

278 519 385 571 805
423 528 474 569 et
491 520 588 569 nisi
608 526 888 583 tempestas
909 519 1136 586 indulget
1156 528 1388 584 tempore
1408 517 1575 568 fausto

279 589 385 641 807
421 589 601 651 solque
618 602 712 638 sua
729 602 823 652 pro
840 596 983 652 parte
1006 587 1145 639 fovet
1162 589 1440 651 tribuitque
1458 585 1707 648 calorem,

279 657 385 709 806
418 658 666 707 imbribus
683 665 733 705 et
755 658 874 707 tabe
893 658 1177 707 nimborum
1199 659 1424 708 ambusta
1447 655 1709 714 vacillent,

277 726 384 779 808
425 740 651 777 crescere
673 739 775 776 non
796 726 998 790 possint
1015 726 1191 791 fruges
1213 728 1421 776 arbusta
1437 727 1729 778 animantis.

76 815 263 885 Itaque
308 819 438 868 ante
480 829 709 869 versum
750 816 858 871 806
901 812 1196 869 collocavit
1238 828 1467 869 versum
1499 815 1632 879 807,
1682 817 1849 882 atque
1893 811 1951 866 in
1988 827 2088 867 ex·-

90 905 260 953 tremo
279 896 448 953 huius
481 896 585 956 807
610 897 876 954 versiculi
910 898 1188 953 vocabulo
1228 897 1473 951 calorem
1509 895 1655 950 finiri
1685 897 1937 967 protasin
1973 902 2081 951 sta-

84 982 206 1051 tuit,
227 982 549 1055 apodoseos
572 986 757 1036 autem
777 981 1026 1052 priorem
1046 985 1264 1051 partem
1300 980 1571 1035 contineri
1602 980 1659 1033 in
1697 996 1871 1036 versu
1896 982 2003 1038 806
2033 987 2089 1036 et

82 1065 208 1121 huic
227 1067 398 1138 priori
432 1066 578 1138 parti
606 1050 938 1132 ἆσυνδέτως
963 1063 1099 1119 addi
1131 1064 1362 1118 alteram
1398 1064 1455 1118 in
1488 1080 1660 1120 versu
1681 1066 1805 1122 808.
1869 1063 2088 1120 Deinde

88 1166 219 1206 vero
241 1167 302 1207 v.
321 1153 429 1209 806
451 1149 702 1205 arbusta
726 1147 996 1203 mutavit
981 1164 1037 1203 m
1067 1148 1375 1216 ambusta,
1411 1154 1610 1244 atque
1613 1147 1874 1204 imbribus
1893 1154 1947 1203 ct
1967 1149 2089 1204 tabe

85 1233 378 1289 nimborum
405 1232 678 1289 ambusta
698 1232 957 1288 vacillent
977 1229 1248 1303 explicari
1268 1231 1446 1288 voluit
1466 1234 1578 1287 sic·
1592 1218 1808 1287 ‘omnia
1829 1232 2087 1287 imbrium

82 1317 289 1389 friyore
310 1319 566 1372 ambusta
598 1315 863 1373 vacillent
899 1322 1067 1387 atque
1097 1316 1326 1385 nutent’,
1363 1316 1544 1371 allatis
1576 1317 1813 1371 aliorum
1848 1317 2085 1387 scripto—

86 1416 201 1455 rum
236 1401 373 1456 locis
404 1400 582 1456 tribus
600 1441 615 1469 ,
652 1415 889 1471 quorum
918 1414 1091 1455 unum
1124 1399 1507 1471 suppeditavit
1549 1400 1807 1455 Valerius
1829 1400 2066 1456 Flaccus

85 1485 174 1554 qui
199 1485 288 1553 IV,
327 1488 397 1544 70
445 1486 625 1541 saevis
660 1483 908 1540 ambusta
929 1486 1159 1556 pruinis
1189 1483 1428 1540 Lunaina
1472 1485 1726 1553 (oculos)
1763 1484 2084 1540 Promethei

86 1568 244 1637 dixit3
274 1568 474 1639 reliqui
511 1569 623 1624 duo
669 1568 778 1623 loci
815 1568 1170 1639 reperiuntur
1204 1567 1359 1639 apud
1393 1567 1755 1625 Columellam
1792 1567 1885 1636 XI,
1926 1571 1980 1635 3,
2017 1572 2087 1626 13

85 1652 302 1709 brennae
316 1652 624 1725 friyoribus
651 1654 937 1723 cept-uinis
954 1651 1262 1719 inurenda,
1298 1652 1368 1719 X,
1403 1655 1475 1710 74
1503 1666 1648 1723 quae
1675 1653 1834 1706 canis
1868 1653 2089 1706 iaceant

83 1737 547 1808 urendaprwinis.
603 1736 677 1790 At
699 1742 758 1791 ut
776 1735 995 1808 friyore
1025 1736 1243 1791 amburi
1282 1742 1335 1790 et
1357 1736 1526 1790 latine
1560 1740 1616 1790 et
1648 1737 1704 1789 in
1746 1736 1944 1805 quavis
1982 1736 2084 1789 lin·

84 1835 191 1889 gua
211 1826 359 1876 recte
383 1819 493 1874 dici
513 1820 720 1891 possit,
745 1825 805 1874 ut
827 1820 896 1875 ab
920 1817 1028 1875 hac
1050 1819 1330 1875 locutione
1351 1819 1587 1891 proiecti
1610 1821 1749 1875 tales
1775 1819 2080 1890 scriptores

82 1905 268 1973 quales
291 1910 419 1960 sunt
440 1903 699 1960 Valerius
721 1903 957 1959 Flaccus
996 1909 1052 1959 et
1073 1901 1380 1960 Columella
1415 1905 1580 1961 etiam
1605 1905 1833 1978 pruinis
1866 1905 2083 1960 amburi

78 1987 264 2044 dicere
285 1988 536 2061 possint,
561 2004 686 2044 cum
705 1988 764 2042 in
786 1988 1001 2059 pruinis
1023 1988 1250 2084 frigoris
1276 1989 1428 2045 notio
1449 1990 1671 2061 penitus
1694 1988 2080 2045 inhaerescat·

80 2078 255 2128 tamen
276 2089 348 2127 ne
373 2073 546 2127 ullum
568 2071 792 2143 quidem
829 2072 1131 2142 vestigium
1158 2073 1282 2129 sive
1314 2074 1537 2145 frigoris
1571 2075 1694 2131 sive
1722 2059 1959 2145 prui'nae
1991 2090 2080 2128 re-

80 2158 319 2226 peritur·
302 2173 361 2211 in
385 2173 557 2212 versu
586 2156 938 2211 Lucretiano.
1000 2155 1230 2211 Dixissit
1247 2156 1534 2212 Lucretius
1571 2157 1882 2214 secundum
1904 2157 2081 2212 Lach-

79 2241 255 2295 manni
296 2241 629 2313 scripturam
669 2240 926 2297 imbribus
968 2242 1242 2297 ambusta.
1324 2241 1510 2313 Atque
1568 2241 1890 2299 huiusmodi
1948 2241 2081 2312 quid

78 2339 252 2395 neque
275 2341 310 2380 a
334 2325 593 2380 Lucretio
618 2340 803 2395 neque
826 2326 897 2380 ab
921 2326 1034 2383 ullo
1061 2331 1217 2380 casto
1240 2325 1512 2398 scriptore
1537 2325 1648 2382 dici
1668 2326 1920 2398 potuisse
1944 2325 2080 2380 mihi

76 2408 295 2476 quidem
316 2424 653 2480 persuasum
679 2415 781 2464 est.
836 2407 1025 2476 Quare
1047 2410 1242 2465 relicta
1264 2410 1717 2467 Lachmanniana
1739 2410 1953 2465 ratione
1978 2425 2079 2465 ex-

74 2493 378 2564 periamur,
428 2499 612 2548 utrum
645 2492 903 2550 codicum
940 2494 1082 2549 ordo
1119 2494 1348 2551 retineri
1381 2496 1590 2567 possit,
1635 2496 1683 2550 si
1735 2511 1770 2550 a
1793 2493 2078 2550 Prisciano

74 2593 129 2645 p.
150 2579 251 2635 768
279 2578 620 2649 accipiamus
654 2576 918 2635 imbribus
951 2585 1023 2632 ut
1061 2578 1184 2634 tabe
1219 2579 1523 2636 nimborum
1559 2579 1785 2639 arbusta
1826 2580 2083 2635 vacillent

72 2667 232 2731 atque
273 2662 354 2716 sic
399 2661 809 2734 distinguamus
847 2668 906 2717 ut
937 2661 1198 2720 imbribus
1231 2680 1289 2719 v.
1313 2667 1419 2721 806
1448 2663 1696 2734 pendeat
1727 2665 1798 2719 ab
1840 2662 2082 2735 indulqet

74 2761 128 2802 v.
152 2749 274 2804 805.
339 2744 461 2812 Quo
488 2746 632 2802 sacto
657 2746 782 2801 talis
809 2747 1016 2803 exstitit
1039 2747 1248 2802 oratio=

270 2842 372 2895 805
412 2851 462 2893 et
479 2844 582 2894 nisi
605 2852 878 2910 tempestas
896 2846 1125 2912 indulget
1142 2853 1377 2911 tempore
1394 2845 1561 2896 fausto

406 2913 657 2964 imbribus
671 2950 686 2975 ,
705 2923 762 2965 ut
777 2916 893 2965 tabe
910 2916 1199 2966 nimborum
1222 2916 1428 2965 arbusta
1449 2912 1684 2963 vacillent
1696 2950 1711 2976 ,

408 2981 590 3046 solque
607 2997 702 3033 sua
722 2998 817 3049 pro
836 2992 981 3049 parte
1001 2982 1137 3035 fovet
1154 2985 1430 3047 tribuitque
1449 2983 1664 3033 calorem
1677 3020 1692 3042 ,

407 3065 640 3102 crescere
658 3067 759 3103 non
780 3053 976 3118 possint
996 3052 1171 3119 fruges
1193 3053 1402 3102 arbusta
1420 3053 1711 3102 animantis·

75 3133 179 3191 lam
203 3139 445 3209 protasis
467 3138 709 3210 pertinet
731 3156 912 3212 usque
934 3139 1010 3195 ad
1031 3139 1274 3196 calorem
1299 3157 1355 3196 v.
1375 3143 1482 3198 807
1495 3180 1511 3208 ,
1548 3139 1606 3193 in
1630 3153 1810 3209 eaque
1832 3136 2076 3209 primum

78 3217 260 3277 dicitur
278 3222 353 3279 de
377 3223 678 3294 imbribus,
717 3224 811 3295 qui
848 3229 1102 3296 tempore
1125 3239 1306 3280 verno
1340 3222 1499 3278 fiunt.
1578 3221 1674 3276 Eis
1698 3221 1770 3276 ita
1794 3220 2075 3292 agitantur

78 3301 283 3361 frutices
314 3314 371 3362 et
395 3307 653 3378 arbusta,
687 3314 751 3364 ut
781 3307 894 3363 huc
928 3314 1095 3378 atque
1119 3307 1250 3362 illuc
1283 3312 1476 3362 nutent
1505 3305 1768 3377 perculsa
1791 3304 1912 3359 tabe
1929 3308 2072 3358 nim-

48 3382 292 3457 iberum
278 3409 315 3446 ι.
341 3408 395 3448 e.
427 3392 669 3448 nubibus
712 3391 1166 3448 tabescentibus
1151 3406 1209 3445 m
1230 3391 1513 3461 pluviam,
1549 3388 1689 3442 sicut
1726 3384 2073 3452 LucanusX,

80 3471 169 3529 224
189 3475 357 3532 tabem
378 3477 522 3532 nivis
543 3474 681 3531 dixit
702 3475 1030 3547 liquefactas
1052 3474 1236 3531 nives.
1324 3473 1421 3528 His
1459 3470 1724 3526 imbribus
1748 3468 1912 3521 etiam
1934 3466 2073 3519 solis
