2409 3825
281 160 362 229 28
986 122 991 128 ’
1279 171 1284 175 ·
1308 159 1333 218 1

1290 322 1319 357 4

451 411 715 491 simplice
739 419 932 470 natura
955 418 1146 488 pateat
1170 419 1356 470 tamen
1385 410 1787 470 inmoderatum
1802 457 1819 488 ‚

447 513 559 556 nec
582 512 732 555 mare
756 512 868 553 nec
889 491 1064 554 tellus
1084 512 1276 572 neque
1297 493 1443 554 caeli
1466 493 1652 554 lucida
1674 493 1882 573 templa

279 589 415 646 1015
446 597 558 639 nec
579 577 819 638 mortale
845 595 1030 655 genus
1052 595 1164 637 nec
1187 577 1376 637 divum
1401 595 1642 657 corpora
1664 588 1857 639 sancta

450 664 718 741 exiguum
744 669 984 742 possent
1006 661 1167 721 horai
1193 663 1402 722 sistere
1426 670 1681 741 tempus:

448 765 574 807 nam
598 745 850 826 dispulsa
873 761 978 805 suo
1004 740 1076 805 de
1101 754 1274 806 coetu
1297 748 1545 806 materiai

450 833 617 909 copia
640 829 886 890 ferretur
908 846 1168 907 magnum
1190 847 1299 909 per
1319 833 1482 889 inane
1506 831 1692 890 soluta
1709 877 1726 908 ‚

447 919 570 976 sive
593 914 737 973 adeo
760 917 950 993 potius
971 931 1270 993 numquam
1299 923 1569 974 concreta
1592 925 1847 975 creasset

284 1009 420 1061 1020
448 997 619 1058 ullam
640 1016 760 1057 rem
777 1043 796 1075 ,
822 1000 1083 1076 quoniam
1107 1001 1239 1075 cogi
1263 998 1501 1058 disiecta
1523 1000 1835 1079 nequisset.

448 1100 573 1142 nam
601 1090 760 1142 certe
783 1099 971 1161 neque
1002 1079 1244 1142 consilio
1268 1081 1571 1161 primordia
1589 1100 1777 1142 rerum

448 1166 644 1226 ordine
666 1183 732 1228 se
757 1182 863 1226 suo
887 1183 1153 1245 quaeque
1180 1167 1375 1244 sagaci
1397 1176 1586 1226 mente
1609 1166 1864 1226 locarunt

446 1269 559 1311 nec
584 1266 729 1329 quos
750 1244 1015 1329 'quaeque
1038 1246 1238 1310 darent
1259 1259 1444 1310 motus
1467 1253 1746 1329 pepigere
1769 1248 2033 1330 profecto
2054 1299 2078 1327 ,

449 1334 554 1395 sed
579 1334 707 1413 quia
727 1333 898 1393 multa
922 1334 1105 1395 modis
1127 1333 1317 1394 multis
1346 1344 1552 1394 mutata
1574 1353 1681 1413 per
1702 1353 1865 1394 omne
1913 1351 1918 1355 ·

284 1429 416 1481 1025
449 1438 523 1479 ex
543 1418 758 1477 infinito
779 1427 1054 1478 vexantur
1078 1420 1298 1497 percita
1320 1416 1505 1497 plagis
1522 1465 1538 1495 ,

449 1521 613 1562 omne
637 1519 821 1579 genus
850 1511 1036 1563 motus
1060 1511 1117 1561 et
1141 1511 1343 1562 coetus
1370 1502 1720 1581 experiundo

451 1586 674 1648 tandem
703 1586 1008 1646 deveniunt
1029 1588 1086 1646 in
1107 1585 1237 1646 talis
1264 1585 1634 1664 disposituras
1657 1632 1673 1662 ,

451 1670 709 1751 qualibus
734 1670 879 1730 haec
900 1687 1088 1729 rerum
1114 1672 1374 1731 consistit
1396 1687 1607 1729 summa
1633 1679 1819 1729 creata
1835 1715 1851 1746 ‚

451 1764 510 1817 et
534 1755 744 1817 multos
769 1756 937 1815 etiam
958 1771 1195 1832 magnos
1221 1762 1445 1814 servata
1467 1771 1573 1832 per
1593 1769 1768 1813 annos

282 1848 419 1902 1030
446 1850 507 1901 ut
532 1838 713 1900 semel
737 1841 792 1899 in
817 1848 1002 1899 motus
1028 1839 1346 1899 coniectast
1370 1839 1790 1916 convenientis,

451 1924 628 1985 efficit
649 1932 710 1985 ut
731 1922 907 2002 largis
930 1923 1152 1984 avidum
1172 1939 1327 1981 mare
1351 1922 1591 1982 fluminis
1616 1922 1780 1983 undis

448 2012 735 2087 integ-rent
758 2026 952 2069 amnes
983 2016 1042 2068 et
1064 2005 1207 2068 solis
1228 2016 1380 2067 terra
1401 2023 1617 2084 vapore

451 2094 567 2153 fota
587 2101 761 2154 novet
784 2091 935 2153 fetus
963 2092 1376 2168 summissaque
1400 2109 1545 2168 gens
1567 2093 1895 2151 animantum

452 2178 649 2237 floreat
671 2185 730 2236 et
752 2178 943 2237 vivant
964 2175 1228 2236 labentes
1251 2174 1502 2236 aetheris
1529 2178 1723 2252 ignes:

283 2270 416 2324 1035
438 2262 601 2341 ,quod
621 2260 779 2321 nullo
803 2260 1060 2320 facerent
1083 2268 1255 2338 pacto
1271 2304 1289 2336 ‚
1321 2261 1428 2319 nisi
1454 2261 1701 2319 materiai

450 2364 525 2406 ex
547 2346 760 2406 infinito
788 2344 1031 2405 suboriri
1057 2346 1225 2423 copia
1244 2354 1483 2423 posset,

448 2429 599 2491 unde
621 2429 825 2490 amissa
844 2428 1035 2489 solent
1056 2445 1324 2508 reparare
1347 2430 1404 2487 in
1432 2437 1689 2506 tempore
1717 2445 1993 2506 quaeque.

447 2532 573 2574 nam
597 2511 775 2574 veluti
801 2514 1016 2593 privata
1039 2512 1170 2573 cibo
1192 2523 1388 2574 natura
1409 2513 1738 2571 animantum

451 2598 652 2659 diffluit
672 2599 934 2658 amittens
961 2615 1202 2676 corpus,
1230 2598 1318 2657 sic
1340 2597 1521 2655 omnia
1550 2595 1762 2655 debent

283 2693 417 2747 1040
447 2681 686 2745 dissolui
707 2681 873 2744 simul
900 2699 969 2742 ac
999 2680 1214 2741 defecit
1234 2679 1598 2760 suppeditare

447 2768 712 2829 materies
735 2764 923 2846 aliqua
942 2766 1158 2826 ratione
1183 2781 1383 2824 aversa
1403 2765 1624 2841 viaque.

443 2870 554 2913 nec
578 2851 785 2932 plag-ae
806 2858 1048 2931 possunt
1071 2849 1430 2910 extrinsecus
1452 2847 1699 2925 undique
1724 2865 1990 2908 summam

445 2952 789 2997 conservare
812 2951 1036 2996 omnem
1052 2979 1071 3011 ‚
1097 2949 1491 3012 quaecumque
1522 2941 1612 2991 est
1642 2932 1957 2996 conciliata.

446 3020 660 3082 cudere
684 3020 832 3080 enim
859 3019 1064 3080 crebro
1087 3026 1329 3098 possunt
1349 3026 1681 3097 partemque
1704 3018 1936 3094 morari,

280 3114 413 3168 1045
446 3105 578 3165 dum
596 3104 824 3165 veniant
844 3101 989 3164 aliae
1002 3120 1080 3164 >ac
1102 3100 1361 3181 suppleri
1383 3118 1596 3162 summa
1620 3111 1886 3180 queatur:

442 3187 726 3250 interdum
747 3186 975 3248 resilire
997 3196 1185 3248 tamen
1212 3196 1495 3264 eoguntur
1516 3195 1575 3246 et
1596 3204 1703 3245 una

443 3272 738 3353 principiis
758 3287 949 3332 rerum
971 3273 1213 3350 spatium
1232 3280 1576 3351 tempusque
1600 3269 1754 3348 fug-ai

442 3356 669 3435 largiri,
693 3363 755 3414 ut
782 3355 1005 3434 possint
1034 3371 1067 3415 a
1091 3365 1264 3416 coetu
1289 3355 1470 3416 libera
1493 3353 1647 3414 ferri.

443 3455 622 3520 quare
644 3438 811 3499 etiam
834 3447 1005 3516 atque
1031 3439 1197 3499 etiam
1222 3438 1465 3499 suboriri
1486 3436 1655 3498 multa
1678 3448 1983 3498 necessest
1999 3483 2020 3516 ‚
