2409 3825
196 349 329 427 -4κ
348 366 575 430 dedicat
594 374 654 427 et
674 363 855 427 multo
873 382 1114 428 vacum
1133 367 1317 428 minus
1340 367 1489 428 intus
1512 365 1745 429 babere.

349 461 442 513 est
463 451 666 529 igitur,
689 450 944 510 nimiru-
956 492 979 528 ,
1001 447 1060 510 id
1079 448 1236 531 qued
1252 450 1473 512 ratione
1494 452 1692 530 sagaci

353 536 673 615 quaerimus
687 578 708 612 ,
730 532 1033 596 adnixum
1049 532 1259 612 rebus,
1281 532 1433 613 quod
1455 535 1618 595 inane
1639 552 1924 598 vocamus.

214 626 328 683 370
438 616 587 678 lllud
607 619 665 677 in
686 616 775 679 bis
800 615 976 679 rebus
996 625 1156 678 nete
1181 616 1473 679 deducere
1501 634 1644 679 vero

352 702 569 782 possit,
594 699 745 780 quod
767 698 988 779 quidam
1011 700 1257 779 fingunt,
1281 718 1653 781 praecurrere
1678 719 1875 782 cogor.

354 785 566 846 cedere
590 785 963 863 squamigeris
984 781 1191 845 latices
1205 785 1512 846 nitentibus
1532 786 1685 847 aiunt

354 877 412 929 et
435 868 678 947 liquidas
701 869 924 947 aperire
945 869 1067 929 v’ns
1083 912 1103 945 ,
1127 870 1259 947 quia
1280 878 1413 948 post
1434 867 1564 929 loca
1586 870 1782 949 pisces

354 952 640 1031 linquant,
663 967 778 1030 quo
802 952 1025 1030 possint
1047 949 1323 1013 cedentes
1348 952 1639 1013 confluere
1663 952 1877 1014 undae:

222 1045 327 1101 375
350 1038 436 1097 sic
455 1034 594 1096 alias
620 1050 847 1114 quoque
868 1053 969 1096 res
986 1036 1136 1096 inter
1153 1052 1221 1096 se
1243 1054 1419 1116 posse
1441 1038 1656 1096 moveri

355 1130 415 1181 et
440 1128 654 1179 mutare
676 1116 900 1197 locum,
927 1120 1180 1198 quamvis
1202 1122 1315 1182 siut
1335 1121 1514 1180 omnia
1535 1119 1705 1199 plena

352 1202 580 1265 scilicet
593 1249 613 1281 ,
637 1202 694 1261 id
715 1200 856 1262 falsa
878 1212 1055 1264 totum
1074 1204 1293 1263 ratione
1315 1212 1683 1283 receptumst.

351 1304 480 1346 nam
503 1302 616 1364 quo
637 1288 978 1365 squamigeri
999 1295 1267 1366 poterunt
1288 1286 1607 1366 procedere
1631 1288 1884 1365 tandem,

352 1372 410 1430 ni
434 1372 674 1449 spatium
701 1367 959 1431 dederint
981 1368 1182 1432 latices
1195 1366 1227 1429 ἲ
1247 1370 1573 1432 concedere
1595 1387 1767 1451 porro

219 1464 330 1519 380
353 1470 470 1534 quo
490 1461 755 1532 poterunt
777 1451 992 1533 undae,
1017 1472 1145 1514 cum
1168 1455 1366 1533 pisces
1389 1456 1473 1515 ire
1494 1453 1846 1534 nequibam?

352 1546 449 1599 aut
471 1539 643 1615 igitur
661 1547 816 1597 motu
837 1537 1220 1616 privandumst
1245 1555 1488 1618 corpora
1512 1556 1772 1618 quaeque
1788 1584 1806 1613 ‚

352 1631 447 1682 aut
468 1639 604 1681 esse
628 1620 926 1682 admixtum
949 1620 1305 1682 dicundumst
1329 1622 1504 1681 rebus
1524 1623 1688 1681 inane
1705 1666 1723 1697 ‚

355 1703 502 1764 unde
525 1706 717 1768 initum
737 1707 971 1783 primum
995 1706 1178 1784 capiat
1204 1724 1302 1766 res
1326 1721 1586 1782 quaeque
1608 1705 1870 1764 movendi

356 1797 646 1868 postremo
674 1788 786 1848 duo
809 1789 880 1848 de
904 1805 1185 1850 concursu
1210 1805 1453 1866 corpora
1479 1786 1590 1848 lata

222 1882 334 1937 385
355 1874 403 1934 si
430 1873 539 1934 cita
561 1870 870 1950 dissiliant,
897 1890 1101 1952 nempe
1125 1878 1230 1934 aer
1249 1889 1414 1934 omne
1438 1880 1775 1950 necessest,

355 1958 502 2017 inter
526 1971 770 2034 corpora
794 1956 946 2036 quod
969 1957 1092 2035 liat,
1117 1956 1373 2036 possidat
1400 1958 1591 2018 inane:

356 2043 406 2102 is
429 2056 603 2118 porro
626 2042 876 2118 quamvis
904 2042 1117 2100 circum
1141 2039 1523 2103 celerantibus
1545 2040 1698 2101 auris

358 2123 634 2199 confluat,
659 2123 804 2183 baud
827 2125 1038 2203 poterit
1059 2133 1246 2184 tamen
1272 2142 1384 2183 uuo
1405 2133 1665 2201 tempore
1688 2131 1864 2183 totum

359 2205 633 2286 compleri
658 2209 929 2286 spatium:
953 2225 1078 2267 nam
1100 2210 1336 2287 primum
1364 2225 1645 2286 quemque
1667 2223 1952 2267 necesses

223 2301 334 2357 390
357 2300 608 2370 occupet
626 2289 727 2350 ille
749 2289 939 2351 locum
953 2336 973 2369 ‚
999 2291 1204 2351 deiude
1227 2294 1410 2351 omnia
1430 2289 1847 2370 possideantur.

358 2373 509 2453 quod
530 2375 579 2435 si
602 2375 752 2435 forte
775 2373 978 2453 aliquis
993 2420 1012 2452 ‚
1040 2393 1166 2435 cum
1190 2391 1431 2454 corpora
1455 2374 1756 2434 dissiluere
1774 2419 1792 2450 ‚

354 2467 468 2518 tum
489 2466 644 2537 putat
665 2456 722 2516 id
743 2458 862 2518 lieri
885 2461 1014 2536 quia
1036 2476 1103 2520 se
1126 2458 1473 2520 condenseat
1496 2464 1628 2536 aer,

357 2551 533 2603 errat:
557 2558 681 2601 nam
707 2559 946 2602 vacuum
969 2551 1084 2601 tum
1108 2543 1169 2604 fit
1191 2542 1344 2621 quod
1364 2560 1475 2601 non
1499 2542 1602 2601 fuit
1624 2550 1751 2601 ante
1770 2586 1787 2618 ,

358 2634 417 2685 et
440 2623 698 2704 repletur
718 2626 852 2686 item
875 2643 1113 2686 vacuum
1141 2625 1294 2704 quod
1319 2626 1571 2685 constitit
1598 2632 1726 2683 ante
1744 2669 1763 2700 ‚

223 2718 331 2772 395
354 2727 464 2769 nec
485 2707 581 2768 tali
603 2709 819 2769 ratione
843 2718 1036 2787 potest
1055 2709 1351 2769 denserier
1372 2713 1474 2767 aer
1488 2752 1507 2783 ‚
1787 2760 1790 2763 .

358 2810 500 2869 uec,
526 2793 575 2852 si
599 2794 707 2852 iam
728 2802 965 2871 posset,
989 2794 1113 2853 sine
1137 2793 1283 2852 inani
1306 2800 1541 2871 posset,
1567 2792 1770 2868 opinor
1780 2837 1795 2868 .—

357 2876 486 2954 ipse
510 2876 566 2935 iu
590 2894 657 2937 se
681 2874 908 2936 trabere
932 2884 991 2935 et
1011 2877 1186 2955 partis
1213 2875 1538 2935 conducere
1574 2875 1629 2935 iu
1653 2891 1832 2934 uuum.

440 2957 562 3032 Qua
587 2968 858 3037 propter,
883 2961 1132 3038 quamvis
1159 2958 1441 3019 causando
1462 2956 1635 3016 multa
1657 2959 1895 3019 moreris

356 3060 490 3102 esse
513 3043 569 3101 in
594 3043 770 3102 rebus
793 3044 954 3103 inane
977 3053 1162 3103 tamen
1186 3042 1402 3102 fateare
1423 3049 1744 3103 necessest.

221 3136 332 3189 400
352 3124 637 3206 multaque
661 3135 958 3204 praeterea
988 3127 1090 3186 tibi
1113 3142 1347 3205 possum
1375 3123 1860 3186 commemorando

354 3219 685 3286 argumenta
706 3209 873 3271 iidem
894 3210 1061 3270 dictis
1087 3207 1399 3270 conradere
1427 3210 1658 3268 nostris.

354 3310 555 3354 verum
572 3296 756 3354 animo
783 3295 923 3356 satis
947 3293 1092 3354 baec
1114 3293 1358 3371 vestigia
1380 3308 1553 3370 parva
1574 3293 1767 3368 sagaci

354 3385 521 3455 sunt,
546 3393 655 3455 per
680 3395 823 3455 quae
846 3379 1039 3455 possis
1064 3393 1423 3453 cognoscere
1445 3384 1638 3434 cetera
1662 3382 1813 3433 tute:

352 3477 596 3539 namque
623 3479 798 3521 canes
821 3470 882 3520 ut
902 3461 1259 3535 montivagae
1282 3475 1566 3536 persaepe
1591 3455 1733 3514 ferai
