2409 3825
1151 163 1201 221 V

342 343 399 395 at
423 333 529 392 nisi
553 337 907 409 purgatumst
930 339 1134 407 pectus
1151 376 1171 409 ,
1204 349 1348 410 quae
1373 332 1592 411 proelia
1613 335 1775 395 nobis

341 425 512 495 atque
535 412 793 493 pericula
814 422 985 473 tumst
1006 414 1238 491 ingratis
1260 415 1675 476 insinuandum!

235 510 309 562 45
342 509 581 579 quantae
611 507 727 557 tum
749 495 1011 558 scindunt
1032 496 1315 558 hominem
1339 500 1674 578 cuppedinis
1701 520 1864 563 acres

343 583 652 644 sollicitum
681 599 885 657 curae,
912 584 1218 661 quantique
1244 582 1479 661 perinde
1503 584 1764 644 timores!

343 665 551 746 quidve
575 664 842 743 superbia
864 666 1133 743 spurcitia
1154 683 1223 726 ac
1251 664 1600 745 petulantia?
1629 678 1863 747 quantas

341 751 599 811 efficiunt
622 747 846 808 clades!
872 747 1004 827 quid
1029 747 1197 809 luxus
1223 748 1633 829 desidiaeque?

338 834 484 894 haec
506 834 678 910 igitur
699 834 793 910 qui
817 842 1020 892 cuncta
1042 835 1337 911 subegerit
1368 853 1442 894 ex
1465 837 1762 916 animoque

242 930 315 981 50
343 916 627 997 expulerit
647 916 811 976 dictis
828 961 846 992 ‚
877 934 990 976 non
1011 919 1176 977 armis
1193 963 1213 994 ‚
1239 935 1425 977 nonne
1451 918 1679 979 decebit

339 1003 488 1062 bunc
513 1000 795 1060 hominem
816 1018 1051 1060 numero
1080 1000 1267 1062 divom
1295 1002 1576 1079 dignarier
1602 1022 1735 1065 esse
1751 1001 1782 1062 ’ἲ

344 1103 471 1146 cum
493 1085 641 1144 bene
665 1086 1004 1162 praesertim
1024 1084 1197 1145 multa
1219 1103 1287 1145 ac
1317 1086 1579 1148 divinitus
1602 1088 1743 1167 ipsis

342 1168 732 1228 immortalibu’
754 1166 826 1227 de
856 1166 1000 1227 divis
1027 1169 1161 1228 dare
1185 1168 1335 1228 dicta
1356 1172 1534 1230 sue'rit

341 1262 511 1331 atque
542 1269 762 1330 omnem
785 1270 972 1311 rerum
994 1262 1246 1313 naturam
1266 1253 1515 1331 pandere
1540 1254 1722 1315 (lictis.

239 1349 312 1400 55
430 1335 604 1396 Cuius
631 1353 744 1413 ego
769 1337 1066 1412 ingressus
1090 1339 1333 1415 vestigia
1356 1338 1484 1397 dum
1509 1339 1754 1399 rationes

339 1437 661 1499 persequor
681 1438 747 1479 ac
771 1419 956 1479 doceo
978 1421 1142 1481 dictis
1157 1467 1176 1498 ‚
1210 1439 1322 1500 quo
1346 1440 1606 1501 quaeque
1634 1433 1825 1484 creata

341 1496 577 1564 foedere
607 1506 717 1563 sint
733 1550 750 1580 ,
774 1505 830 1563 in
858 1521 929 1563 eo
961 1523 1123 1583 quam
1148 1507 1222 1566 sit
1245 1505 1444 1566 durare
1467 1525 1770 1567 necessum

343 1607 454 1649 nec
478 1586 691 1647 validas
712 1587 935 1646 valeant
956 1592 1082 1647 aevi
1105 1589 1436 1650 rescindere
1466 1589 1633 1666 leges
1653 1636 1671 1667 ‚

342 1689 454 1750 quo
486 1689 700 1748 genere
724 1673 777 1729 in
806 1674 997 1750 primis
1025 1674 1189 1732 animi
1217 1683 1409 1733 natura
1430 1683 1659 1752 reperta
1682 1683 1771 1734 est

243 1766 317 1819 60
349 1756 538 1814 nativo
568 1757 803 1833 primum
829 1757 1146 1816 consistere
1172 1775 1417 1836 corpore
1444 1765 1600 1817 creta

341 1857 453 1899 nec
482 1855 659 1917 posse
681 1838 977 1899 incolumis
1001 1858 1258 1919 magnum
1283 1842 1482 1901 durare
1507 1859 1612 1921 per
1637 1859 1834 1901 aevom
1849 1885 1876 1921 2

342 1923 449 1984 sed
471 1921 765 1982 simulacra
788 1923 977 1986 solere
1003 1927 1059 1983 in
1081 1929 1292 1986 somnis
1315 1925 1517 1985 fallere
1545 1935 1822 2005 mentem,

345 2024 585 2068 cernere
615 2025 742 2066 cum
762 2007 1050 2067 videamur
1079 2028 1205 2068 eum
1232 2029 1399 2088 quem
1420 2010 1534 2069 vita
1555 2009 1815 2089 reliquit,

342 2089 498 2170 quod
523 2100 821 2169 superest,
848 2110 994 2152 nunc
1020 2091 1131 2151 hue
1157 2095 1386 2154 rationis
1414 2092 1611 2152 detulit
1634 2094 1805 2172 ordo,

242 2186 315 2239 65
344 2184 406 2234 ut
429 2173 560 2233 mihi
581 2172 800 2234 mortali
826 2179 1142 2237 consistere
1171 2195 1416 2257 corpore
1438 2178 1699 2237 mundum
1743 2206 1746 2209 ·

205 2268 210 2272 ’
344 2260 703 2337 nativomque
734 2258 897 2318 simul
926 2261 1066 2319 ratio
1093 2260 1381 2321 reddunda
1405 2264 1477 2322 sit
1500 2270 1664 2329 esse‘3

341 2353 400 2403 et
430 2341 635 2421 quibus
653 2340 754 2400 ille
781 2342 962 2404 modis
991 2345 1341 2421 congressus
1361 2340 1609 2405 materiai

341 2425 582 2486 fundarit
603 2434 840 2502 terram,
873 2427 1124 2506 caelum,
1145 2446 1298 2488 mare
1315 2474 1333 2506 ‚
1360 2428 1577 2505 sidera,
1605 2429 1783 2488 solem
1799 2473 1821 2506 2
1868 2455 1893 2470 ι

342 2508 608 2587 lunaique
627 2509 860 2586 globum
874 2533 889 2579 ;
913 2519 1029 2570 tum
1054 2530 1198 2590 quae
1224 2510 1430 2572 tellure
1456 2513 1760 2571 animantes

240 2598 317 2656 70
344 2594 665 2670 extiterint,
691 2600 749 2651 et
776 2612 918 2671 quae
950 2594 1104 2654 nullo
1127 2598 1237 2655 sint
1265 2604 1521 2674 tempore
1542 2606 1736 2663 natae;

344 2693 533 2755 quove
554 2675 723 2735 modo
746 2694 927 2753 genus
950 2678 1244 2737 humanum
1266 2680 1514 2738 variante
1540 2677 1793 2758 loquella

343 2762 604 2838 coeperit
627 2761 774 2819 inter
799 2780 865 2821 se
885 2764 1047 2822 vesci
1072 2781 1179 2841 per
1199 2763 1418 2821 nomina
1441 2779 1655 2829 rerum;

340 2855 399 2904 et
420 2844 625 2921 quibus
650 2842 749 2903 ille
771 2844 950 2905 modis
974 2846 1161 2906 divom
1180 2856 1364 2906 metus
1393 2846 1679 2906 insinuarit

339 2937 579 3006 pectora
595 2973 612 3005 ,
638 2937 911 2988 terrarum
940 2932 1033 3008 qui
1056 2931 1112 2990 in
1134 2930 1258 2990 orbi
1282 2939 1476 2990 sancta
1497 2937 1687 2987 tuetur

238 3018 309 3073 75
338 3011 465 3071 fana
492 3008 652 3071 lacus
681 3011 847 3071 lucos
872 3029 996 3072 aras
1018 3014 1428 3093 simulacraque
1454 3013 1658 3072 divom.

340 3103 642 3174 praeterea
663 3093 803 3156 solis
829 3114 1028 3157 cursus
1052 3095 1333 3176 lunaeque
1359 3106 1573 3156 meatus

340 3177 641 3257 expediam
666 3197 775 3258 qua
802 3181 858 3238 vi
881 3179 1072 3240 flectat
1094 3190 1287 3241 natura
1309 3181 1659 3258 gubernans;

339 3281 412 3322 ne
435 3263 585 3322 forte
606 3261 750 3322 haec
774 3265 921 3323 inter
946 3262 1164 3324 eaelum
1193 3274 1512 3343 terramque
1536 3281 1748 3322 reamur

338 3345 518 3406 libera
547 3355 754 3424 sponte
781 3364 882 3405 sua
906 3366 1106 3408 cursus
1131 3347 1371 3407 lustrare
1394 3349 1660 3426 perennis
1676 3392 1694 3423 ‚

228 3438 305 3493 80
333 3430 617 3506 morigera
644 3430 714 3489 ad
742 3430 938 3507 fruges
970 3430 1256 3508 augendas
1280 3441 1449 3510 atque
1472 3431 1797 3508 animantis,

2043 171 2164 236 127
