2409 3825
288 214 418 263 v111
1077 183 1491 258 rammi-10.

286 389 514 451 paucos
557 369 787 436 clarum
831 371 1106 431 certatim
1149 380 1391 431 veteres
1420 371 1702 432 laudibus
1733 374 1857 433 suis
1892 374 2253 446 extulerunt,

289 454 368 513 cf.
415 452 669 530 Quintil.
711 454 795 513 X.
841 454 896 512 1.
944 452 1079 527 102,
1121 456 1281 514 Plin.
1316 456 1513 533 Epist.
1549 456 1601 514 I.
1653 455 1749 515 13.
1792 458 1850 529 7,
1896 458 2055 517 Tac.
2098 458 2254 516 Ann.

287 537 464 596 XIV.
513 535 590 595 19
628 546 762 610 etc.,
807 537 1145 617 eidemque,
1178 552 1248 597 ut
1275 539 1536 611 videtur,
1568 540 1755 598 Plotii
1797 541 2065 599 Macrini
2105 543 2254 600 noti·

286 622 434 679 tiam
464 620 702 694 debuit,
731 624 962 678 hominis
987 639 1126 679 sane
1150 626 1364 693 eruditi,
1390 631 1458 680 ut
1488 622 1868 682 Scholiastae
1892 624 2104 683 verbis
2127 634 2259 683 utar

291 703 371 762 ad
424 703 552 762 Sat.
608 703 692 763 ΙΙ.
733 704 995 776 initium,
1046 725 1205 783 quae
1256 707 1444 764 satir'a
1487 706 1607 783 ipsi
1655 707 1931 765 Macrino
1976 707 2261 767 dedicata

292 796 402 860 est,
429 795 768 862 paternoque
794 805 854 845 se
882 789 1087 861 affectu
1117 792 1395 862 diliyentis,
1423 794 1593 863 quiin
1622 793 1777 848 domo
1808 792 2031 849 Servilii
2057 794 2260 850 didice-

291 879 411 943 rat,
453 891 490 928 a
520 889 625 945 quo
654 874 889 944 agellum
927 881 1354 945 comparaverat
1380 876 1581 931 indulto
1618 876 1722 931 sibi
1739 878 1921 946 pretio
1962 878 2258 948 aliquanto.

289 954 624 1012 Praeterea
667 960 911 1028 coynovit
942 971 1052 1027 per
1089 958 1384 1014 Cornutum
1430 960 1588 1014 etiam
1627 960 1913 1014 Annaeum
1956 960 2261 1028 Lucanum,

291 1037 650 1094 Pharsaliae
705 1038 1058 1115 scriptorem
1104 1039 1511 1111 notissimum,
1567 1057 1898 1114 aequaevum
1955 1043 2265 1099 auditorem

294 1122 521 1178 Cornuti
531 1145 549 1184 ;
581 1124 681 1178 sed
713 1122 987 1199 quamvis
1019 1141 1245 1199 suppar
1275 1131 1478 1181 aetate
1507 1124 1785 1195 LucanuS,
1817 1142 1999 1201 quem
2025 1144 2090 1201 p.
2119 1122 2261 1183 Chr.

293 1222 350 1260 a.
384 1200 464 1261 38
492 1211 700 1278 natum
738 1204 929 1262 fuisse
977 1213 1241 1277 constat,
1283 1209 1420 1263 adeo
1460 1200 1765 1263 mirabatur
1800 1212 2012 1280 scripta
2044 1211 2263 1280 Flacci,

290 1295 358 1345 ut
378 1307 473 1330 ·-
504 1287 557 1345 si
587 1295 755 1345 recte
786 1287 1096 1346 Prellerus
1127 1289 1170 1346 1.
1213 1308 1266 1346 c.
1311 1289 1686 1365 grammatici
1716 1289 1908 1347 verba
1955 1309 2035 1347 ex
2078 1290 2262 1350 libro·

291 1390 424 1429 rum
452 1371 729 1446 vestigiis
765 1372 1027 1429 restituit
1065 1404 1148 1413 —
1185 1376 1285 1430 vix
1316 1377 1573 1430 retineret
1615 1389 1676 1430 se
1716 1377 2031 1429 recitantem
2069 1393 2108 1430 a
2144 1379 2263 1431 ela-

292 1471 445 1511 more
459 1499 473 1523 ,
501 1459 631 1526 quin
660 1457 756 1510 itta
785 1461 905 1511 esse
932 1471 1066 1513 vera
1098 1460 1362 1528 poemata
1396 1458 1623 1527 diceret,
1654 1473 1758 1513 sua
1796 1460 1916 1528 ipse
1951 1459 2268 1529 ludificaret

296 1535 424 1614 (vel
452 1553 581 1593 suos
611 1556 695 1594 sc.
725 1556 939 1595 versus
973 1542 1127 1597 ludos
1156 1536 1415 1615 faceret).
1470 1540 1608 1596 Sero
1634 1543 1878 1613 cognovit
1902 1546 1955 1596 et
1976 1540 2264 1610 Senecam,

292 1622 392 1677 sed
433 1638 543 1676 non
580 1628 641 1676 ut
676 1630 966 1693 caperetur
1002 1626 1128 1694 ejus
1153 1626 1394 1695 ingenio,
1440 1620 1603 1699 quod
1644 1628 1711 1679 ut
1759 1622 1823 1679 in
1866 1620 2265 1682 adolescente

295 1702 540 1760 Stoicae
571 1710 774 1762 sectae
808 1711 867 1761 et
895 1704 1029 1781 ipso
1054 1703 1262 1762 dedito
1291 1705 1503 1763 mirum
1533 1703 1729 1762 videri
1758 1706 1976 1783 possit,
2008 1706 2266 1784 propius

266 1785 556 1843 ‘intuenti
595 1801 878 1862 magnam
908 1795 968 1844 et
1006 1788 1414 1866 incorruptam
1449 1788 1627 1864 hujus
1675 1787 1894 1864 judicii
1938 1789 2263 1847 sanitatem

296 1867 685 1947 approbabit,
714 1877 781 1928 ut
822 1869 927 1949 qui
951 1871 1082 1947 jam
1125 1879 1253 1930 tum
1285 1870 1689 1944 intellexerit,
1723 1870 1887 1950 quod
1917 1873 2153 1950 posteri
2187 1872 2264 1931 de

232 1972 247 1977 ⁶
297 1953 538 2012 Seneca
563 1951 947 2029 judicarunt,
989 1955 1053 2012 in
1101 1955 1341 2033 scriptis
1385 1956 1516 2032 ejus
1556 1974 1655 2013 res
1698 1963 1882 2034 atque
1926 1957 2262 2013 sententias

298 2043 401 2094 aut
444 2037 653 2114 inepto
700 2031 990 2118 inanique
1023 2039 1251 2116 impetu
1282 2058 1419 2096 esse
1459 2046 1566 2095 aut
1598 2038 1739 2096 levi‘
1756 2046 1816 2096 et
1858 2039 2036 2116 quasi
2066 2037 2263 2097 dicaci

298 2120 552 2196 argutia,
584 2120 983 2180 eruditionem
1013 2130 1215 2180 autem
1235 2121 1626 2180 vernaculam
1651 2130 1711 2180 et
1742 2121 2050 2199 plebejam
2079 2121 2260 2179 nihil·

299 2223 417 2282 que
455 2223 535 2261 ex
574 2212 850 2263 veterum
889 2205 1128 2282 scriptis
1158 2205 1484 2263 habentem
1524 2223 1727 2284 neque
1771 2206 2007 2280 gratiae
2053 2223 2262 2283 meque

299 2285 627 2363 dignitatis,
663 2287 738 2343 cf.
773 2286 935 2346 Gell.
966 2288 1044 2345 N.
1079 2288 1209 2346 Att.
1232 2288 1396 2346 XII.⁴
1417 2286 1476 2345 2.
1520 2287 1807 2366 Denique
1834 2305 1969 2345 usus
1995 2296 2078 2344 est
2111 2291 2267 2362 apud

299 2373 592 2429 Cornutum
625 2372 857 2427 duorum
892 2377 1136 2429 convictu
1186 2377 1429 2430 virorum
1476 2378 1529 2428 et
1565 2373 1993 2428 doctus-imorum
2041 2381 2097 2428 et
2132 2389 2263 2428 san-

295 2455 657 2508 ctissimorum
680 2456 886 2509 acriter
913 2459 1023 2509 tum
1046 2455 1545 2525 philosophantium
1560 2495 1577 2523 ,
1611 2455 1824 2511 Claudii
1850 2455 2112 2526 Agathini
2145 2454 2260 2522 (ita

300 2534 460 2592 enim
489 2532 770 2593 Osannus
802 2555 861 2613 p.
889 2553 1051 2594 xv111
1075 2535 1365 2593 librorum
1388 2534 1711 2593 lectionem
1731 2539 2058 2609 Aqaacrrini
2076 2535 2258 2594 docte

299 2616 669 2691 emendavit)
716 2621 911 2675 medici
956 2621 1378 2676 Lacedaemonii
1400 2626 1454 2674 et
1470 2619 1718 2676 Petronii
1741 2620 2097 2676 Aristocratis
2125 2621 2254 2675 Ma·

290 2698 491 2768 queas,
515 2712 649 2767 quos
675 2700 834 2752 unice
853 2700 1082 2755 miratus
1127 2704 1210 2754 est
1244 2706 1299 2754 et
1326 2700 1653 2763 aemulatus,
1676 2714 1840 2769 quum
1874 2699 2131 2770 aequales
2168 2714 2254 2753 es-

291 2786 427 2848 sent,
445 2780 670 2835 Cornuti
694 2783 932 2836 minores
957 2779 1021 2837 id
1043 2787 1135 2838 est
1164 2779 1446 2857 discipuli
1467 2788 1519 2836 et
1547 2784 1673 2851 ipsi.
1703 2782 1858 2836 Idem
1879 2784 2039 2837 etiam
2068 2782 2254 2837 decem

290 2862 416 2933 fere
456 2878 633 2917 annos
672 2878 878 2918 summe
915 2865 1141 2920 dilectus
1181 2883 1232 2941 a·
1249 2866 1419 2922 Paeto
1465 2865 1717 2920 Thrasea
1750 2871 1856 2933 est,
1900 2867 1976 2920 ita
1995 2871 2065 2920 ut
2080 2881 2251 2935 pere-

289 2949 611 3018 grinaretur
638 2962 850 3018 quoque
870 2963 993 3003 eum
1016 2964 1077 3004 eo
1099 2949 1412 3021 aliquando,
1444 2955 1727 3019 ceynacum
1756 2950 1882 3019 eJus
1893 2949 2122 3003 Arriam
2149 2949 2224 3003 ha

293 3029 446 3083 bente
472 3043 722 3098 uxorem,
756 3027 941 3086 filiam
981 3028 1163 3102 illius,
1209 3049 1368 3108 quae
1409 3030 1622 3087 marito
1669 3023 2014 3106 exemplum
2042 3030 2251 3087 mortis

292 3108 469 3164 simul
499 3117 560 3164 et
588 3109 869 3167 solatium
896 3110 1027 3182 fuit,
1060 3113 1136 3168 cf.
1167 3112 1327 3169 Plin.
1361 3112 1557 3189 Epist.
1590 3112 1707 3171 111.
1743 3110 1813 3168 11
1849 3119 1911 3170 et
1945 3111 2020 3171 16
2051 3111 2250 3191 deque

289 3188 422 3260 ipso
467 3189 745 3247 Thrasea
798 3201 1042 3267 praeter
1090 3193 1243 3251 alios
1296 3195 1515 3253 multos
1562 3195 1852 3252 Wexium
1906 3193 1988 3253 ad
2047 3195 2247 3253 Tacit.

289 3264 498 3335 Agric.
528 3287 589 3341 p.
620 3267 739 3326 210
771 3280 833 3328 et
866 3271 1138 3332 Schmidt
1168 3274 1391 3333 Gesch.
1424 3276 1482 3333 d.
1513 3277 1725 3336 Denk·
1749 3276 1878 3334 und
1904 3276 2244 3336 Glaubens·

200 3394 205 3399 .
292 3338 537 3400 freiheit
564 3347 646 3403 im
688 3360 889 3409 ersten
930 3354 1147 3412 Jahrh.
1180 3377 1242 3433 p.
1290 3355 1414 3415 352
1459 3378 1593 3436 sqq.

415 3420 591 3480 Haec
620 3426 914 3491 hactenus
952 3433 1028 3493 de
1059 3435 1476 3498 adolescentia
1503 3440 1704 3500 Persii
1734 3449 1795 3501 et
1827 3440 2246 3518 familiaribus,
2345 3422 2362 3435 ⁸
