2409 3825
81 175 463 247 xxxxvm
963 175 1195 234 mana.

279 339 525 404 Dextra
568 339 839 404 sternuit
882 338 1423 423 adprobationem.

223 455 234 463 .
278 425 374 487 At
415 424 615 488 Acme
659 424 885 488 leviter
928 426 1121 520 caput
1158 424 1492 489 reflectens

278 506 370 572 Et
412 507 614 571 dulcis
656 507 838 590 pueri
881 507 1091 572 ebrios
1135 507 1372 572 ocellos

281 589 406 655 Illo
450 611 767 675 purpureo
812 612 920 655 ore
965 590 1208 656 saviata
1264 618 1271 625 ·
1354 664 1357 671 ‚

283 681 306 711 θ
324 673 461 739 Sic'
503 675 713 772 inquit
755 679 933 739 ‘mea
972 674 1106 739 vita
1148 674 1555 759 Septumille‚

279 754 450 823 Huic
492 780 606 823 um
650 758 909 823 domino
951 780 1152 842 usque
1194 759 1538 824 serviamus
1550 807 1571 842 ,

278 840 373 905 Vt
412 843 613 907 multo
656 841 815 907 mihi
858 843 1060 907 maior
1101 842 1430 927 acriorque

279 924 317 990 Ι
412 927 463 991 's
507 926 808 991 mollibus
854 926 1034 991 ardet
1074 927 1145 993 in
1173 926 1527 991 medullis!

277 946 431 1075 liud
464 1014 539 1074 ut
581 1010 772 1094 dixit,
820 1011 1051 1094 Amor,
1096 1010 1357 1075 sinistra
1396 1013 1472 1075 ut
1514 1013 1693 1094 ante,

279 1090 524 1158 Dextra
566 1095 839 1159 sternuit
880 1093 1424 1178 adprobationem.

277 1176 346 1242 N
347 1199 473 1242 unc
517 1177 596 1241 ab
638 1178 921 1262 auspicio
966 1178 1136 1243 bono
1178 1178 1452 1262 profecti

277 1259 521 1325 Mutuis
566 1262 796 1326 animis
841 1266 1059 1326 amant
1099 1265 1410 1327 amantur.

275 1342 493 1409 Vnam
536 1344 900 1429 Septumius
942 1346 1222 1412 misellus
1265 1348 1511 1411 Acmen

274 1427 525 1493 Mavolt
610 1451 759 1494 uam
802 1428 1017 1513 Syrias
1060 1429 1582 1514 Britanniasquet

276 1511 427 1576 Vno
470 1513 541 1576 in
633 1515 914 1597 eptumio
958 1513 1163 1578 fidelis
1205 1515 1411 1578 Acme

251 1594 464 1678 ‘Facit
507 1595 764 1662 delicias
808 1597 1251 1680 libidinesque.

273 1679 435 1754 Quis
479 1680 645 1745 ullos
688 1681 981 1746 homines
1023 1682 1340 1747 beatiores

275 1761 492 1848 Vidit,
539 1766 680 1847 quis
723 1764 1038 1831 Venerem
1083 1765 1614 1849 auspicatiorem‘?

865 1979 1262 2054 XXXXV1.

272 2099 414 2166 Iam
456 2122 567 2165 ver
595 2100 895 2186 egelidos
936 2102 1134 2167 refert
1174 2104 1462 2187 tepore8‚

268 2182 412 2249 Iam
457 2183 617 2249 caeli
659 2185 838 2249 furor
880 2186 1361 2269 aequinoctialis

269 2267 575 2333 Iocundis
620 2268 707 2333 Ze
752 2267 897 2353 hyri
939 2270 1180 2335 silescit
1222 2270 1448 2335 aureis,
1608 2305 1613 2308 ·

264 2350 673 2436 Linquantur
706 2292 979 2439 {hrygii
990 2402 1009 2438 ,
1056 2352 1334 2437 Catulle,
1380 2355 1589 2439 campi

268 2434 674 2520 Nicaeaeque
717 2458 870 2520 ager
910 2437 1069 2502 uber
1111 2440 1469 2503 aestuosae:

265 2519 378 2583 Ad
422 2520 624 2585 claras
665 2521 860 2585 Asiae
902 2522 1186 2586 volemus
1227 2522 1436 2586 urbes,

272 2602 415 2686 Iam
456 2625 640 2669 mens
683 2605 1163 2689 praetrepidans
1208 2609 1353 2669 avet
1392 2606 1638 2690 vagari,

272 2684 413 2751 Iam
456 2688 610 2752 laeti
653 2688 863 2753 studio
906 2688 1101 2773 pedes
1144 2689 1499 2773 vigescunt.

269 2769 329 2834 Ο
376 2771 593 2836 dulces
638 2773 951 2837 comitum
986 2773 1192 2838 valete
1237 2775 1483 2855 coetus,

270 2853 495 2940 Longe
539 2877 697 2939 quos
742 2857 930 2920 simul
973 2878 1013 2920 a
1056 2857 1246 2922 domo
1288 2857 1611 2940 profectos

266 2936 591 3009 Diversae,
622 2940 831 3012 variae
875 2941 1015 3005 viae
1056 2942 1404 3025 reportant.

810 3095 816 3101 ’
844 3153 1276 3228 xxxxvn.

259 3274 459 3339 Porci
505 3278 570 3340 et
613 3274 975 3360 Socration,
1022 3276 1180 3340 duae
1225 3276 1518 3341 sinistrae

261 3358 555 3444 Pisonis,
602 3359 847 3424 scabies
889 3360 1217 3443 famesque
1259 3361 1480 3425 mundi

259 3440 404 3507 Vos
449 3442 797 3509 Veraniolo
840 3465 983 3509 meo
1030 3446 1095 3508 et
1134 3444 1404 3508 Fabullo

1881 121 2048 239 '23

1983 437 2048 486 10

1981 857 2069 927 15·

1970 2870 2037 2920 10
