<?xml version="1.0" encoding="UTF-8"?>
<!DOCTYPE html PUBLIC "-//W3C//DTD XHTML 1.0 Transitional//EN"
    "http://www.w3.org/TR/xhtml1/DTD/xhtml1-transitional.dtd">
<html xmlns="http://www.w3.org/1999/xhtml" xml:lang="en" lang="en">
 <head>
  <title>
</title>
<meta http-equiv="Content-Type" content="text/html;charset=utf-8" />
  <meta name='ocr-system' content='tesseract 3.04.00' />
  <meta name='ocr-capabilities' content='ocr_page ocr_carea ocr_par ocr_line ocrx_word'/>
</head>
<body>
  <div class='ocr_page' id='page_1' title='image "./tlucreticarider01unkngoog_0067.png"; bbox 0 0 2409 3825; ppageno 0'>
   <div class='ocr_carea' id='block_1_1' title="bbox 72 456 83 506">
    <p class='ocr_par' dir='ltr' id='par_1_1' title="bbox 72 456 83 506">
     <span class='ocr_line' id='line_1_1' title="bbox 72 456 83 506; baseline 0 -8"><span class='ocrx_word' id='word_1_1' title='bbox 72 456 83 506; x_wconf 67' lang='grc'><strong>1</strong></span> 
     </span>
    </p>
   </div>
   <div class='ocr_carea' id='block_1_2' title="bbox 1121 153 1176 214">
    <p class='ocr_par' dir='ltr' id='par_1_2' title="bbox 1121 153 1176 214">
     <span class='ocr_line' id='line_1_2' title="bbox 1121 153 1176 214; baseline 0.018 -1"><span class='ocrx_word' id='word_1_2' title='bbox 1121 153 1176 214; x_wconf 93' lang='lat'><strong>11</strong></span> 
     </span>
    </p>
   </div>
   <div class='ocr_carea' id='block_1_3' title="bbox 170 320 1985 3503">
    <p class='ocr_par' dir='ltr' id='par_1_3' title="bbox 304 320 1769 567">
     <span class='ocr_line' id='line_1_3' title="bbox 304 320 1656 403; baseline 0.001 -21"><span class='ocrx_word' id='word_1_3' title='bbox 304 325 630 403; x_wconf 77' lang='lat' dir='ltr'><strong>montivago</strong></span> <span class='ocrx_word' id='word_1_4' title='bbox 652 321 854 400; x_wconf 79' lang='lat' dir='ltr'>generi</span> <span class='ocrx_word' id='word_1_5' title='bbox 878 320 1061 400; x_wconf 90' lang='lat' dir='ltr'><strong>possit</strong></span> <span class='ocrx_word' id='word_1_6' title='bbox 1082 320 1365 400; x_wconf 86' lang='lat' dir='ltr'><strong>praebere</strong></span> <span class='ocrx_word' id='word_1_7' title='bbox 1395 321 1656 385; x_wconf 72' lang='lat' dir='ltr'><strong>ferarum.</strong></span> 
     </span>
     <span class='ocr_line' id='line_1_4' title="bbox 306 404 1684 486; baseline 0 -20"><span class='ocrx_word' id='word_1_8' title='bbox 306 425 481 486; x_wconf 91' lang='lat' dir='ltr'><strong>quare</strong></span> <span class='ocrx_word' id='word_1_9' title='bbox 505 424 710 483; x_wconf 87' lang='lat' dir='ltr'><strong>magna</strong></span> <span class='ocrx_word' id='word_1_10' title='bbox 733 405 899 465; x_wconf 91' lang='lat' dir='ltr'><strong>deum</strong></span> <span class='ocrx_word' id='word_1_11' title='bbox 918 413 1098 464; x_wconf 89' lang='lat' dir='ltr'><strong>mater</strong></span> <span class='ocrx_word' id='word_1_12' title='bbox 1117 413 1414 485; x_wconf 88' lang='lat' dir='ltr'><strong>materque</strong></span> <span class='ocrx_word' id='word_1_13' title='bbox 1441 404 1684 466; x_wconf 80' lang='lat' dir='ltr'><strong>ferarum</strong></span> 
     </span>
     <span class='ocr_line' id='line_1_5' title="bbox 306 486 1769 567; baseline 0.001 -16"><span class='ocrx_word' id='word_1_14' title='bbox 306 500 366 552; x_wconf 89' lang='grc'><strong>31</strong></span> <span class='ocrx_word' id='word_1_15' title='bbox 385 491 567 550; x_wconf 83' lang='lat' dir='ltr'><strong>nostri</strong></span> <span class='ocrx_word' id='word_1_16' title='bbox 596 490 862 566; x_wconf 79' lang='lat' dir='ltr'>genetrix</span> <span class='ocrx_word' id='word_1_17' title='bbox 886 486 1031 548; x_wconf 86' lang='lat' dir='ltr'><strong>haec</strong></span> <span class='ocrx_word' id='word_1_18' title='bbox 1055 487 1207 549; x_wconf 87' lang='lat' dir='ltr'><strong>dicta</strong></span> <span class='ocrx_word' id='word_1_19' title='bbox 1234 497 1325 549; x_wconf 88' lang='lat' dir='ltr'><strong>est</strong></span> <span class='ocrx_word' id='word_1_20' title='bbox 1359 491 1618 567; x_wconf 90' lang='lat' dir='ltr'><strong>corporis</strong></span> <span class='ocrx_word' id='word_1_21' title='bbox 1645 511 1769 553; x_wconf 89' lang='lat' dir='ltr'><strong>una.</strong></span> 
     </span>
    </p>

    <p class='ocr_par' dir='ltr' id='par_1_4' title="bbox 170 569 1769 1069">
     <span class='ocr_line' id='line_1_6' title="bbox 170 569 1769 667; baseline -0.001 -29"><span class='ocrx_word' id='word_1_22' title='bbox 170 582 284 638; x_wconf 86' lang='grc'><strong>600</strong></span> <span class='ocrx_word' id='word_1_23' title='bbox 391 572 551 667; x_wconf 78' lang='lat' dir='ltr'><strong>Hanc</strong></span> <span class='ocrx_word' id='word_1_24' title='bbox 576 581 810 632; x_wconf 89' lang='lat' dir='ltr'><strong>veteres</strong></span> <span class='ocrx_word' id='word_1_25' title='bbox 835 569 1060 632; x_wconf 88' lang='lat' dir='ltr'><strong>Graium</strong></span> <span class='ocrx_word' id='word_1_26' title='bbox 1084 571 1242 632; x_wconf 89' lang='lat' dir='ltr'><strong>docti</strong></span> <span class='ocrx_word' id='word_1_27' title='bbox 1266 573 1533 633; x_wconf 90' lang='lat' dir='ltr'><strong>cecinere</strong></span> <span class='ocrx_word' id='word_1_28' title='bbox 1560 582 1769 653; x_wconf 71' lang='lat' dir='ltr'><strong>poetae</strong></span> 
     </span>
     <span class='ocr_line' id='line_1_7' title="bbox 306 739 1575 818; baseline -0.002 -16"><span class='ocrx_word' id='word_1_29' title='bbox 306 741 542 802; x_wconf 86' lang='lat' dir='ltr'><strong>sedibus</strong></span> <span class='ocrx_word' id='word_1_30' title='bbox 574 741 631 798; x_wconf 90' lang='lat' dir='ltr'><strong>in</strong></span> <span class='ocrx_word' id='word_1_31' title='bbox 655 757 824 799; x_wconf 88' lang='lat' dir='ltr'><strong>curru</strong></span> <span class='ocrx_word' id='word_1_32' title='bbox 848 739 1315 817; x_wconf 35' lang='lat' dir='ltr'><strong>biiugosaagitare</strong></span> <span class='ocrx_word' id='word_1_33' title='bbox 1340 739 1543 800; x_wconf 91' lang='lat' dir='ltr'><strong>leones</strong></span> <span class='ocrx_word' id='word_1_34' title='bbox 1558 785 1575 818; x_wconf 89' lang='lat'>‚</span> 
     </span>
     <span class='ocr_line' id='line_1_8' title="bbox 305 822 1597 903; baseline 0 -19"><span class='ocrx_word' id='word_1_35' title='bbox 305 827 456 884; x_wconf 70' lang='lat' dir='ltr'><strong>aeris</strong></span> <span class='ocrx_word' id='word_1_36' title='bbox 479 825 536 882; x_wconf 91' lang='grc'><strong>13</strong></span> <span class='ocrx_word' id='word_1_37' title='bbox 561 824 745 903; x_wconf 86' lang='grc'><strong>3113110</strong></span> <span class='ocrx_word' id='word_1_38' title='bbox 766 840 1022 900; x_wconf 87' lang='grc'><strong>13333313</strong></span> <span class='ocrx_word' id='word_1_39' title='bbox 1042 822 1297 900; x_wconf 87' lang='grc'><strong>113311313</strong></span> <span class='ocrx_word' id='word_1_40' title='bbox 1320 823 1597 885; x_wconf 90' lang='lat' dir='ltr'><strong>docentes</strong></span> 
     </span>
     <span class='ocr_line' id='line_1_9' title="bbox 306 907 1752 984; baseline 0.001 -16"><span class='ocrx_word' id='word_1_41' title='bbox 306 907 573 968; x_wconf 88' lang='lat' dir='ltr'><strong>tellurem</strong></span> <span class='ocrx_word' id='word_1_42' title='bbox 588 951 607 984; x_wconf 88' lang='lat'><strong>‚</strong></span> <span class='ocrx_word' id='word_1_43' title='bbox 635 924 823 984; x_wconf 89' lang='lat' dir='ltr'><strong>neque</strong></span> <span class='ocrx_word' id='word_1_44' title='bbox 846 923 1023 984; x_wconf 88' lang='grc'><strong>110333</strong></span> <span class='ocrx_word' id='word_1_45' title='bbox 1046 907 1103 964; x_wconf 87' lang='grc'><strong>13</strong></span> <span class='ocrx_word' id='word_1_46' title='bbox 1124 913 1275 966; x_wconf 85' lang='lat' dir='ltr'><strong>terra</strong></span> <span class='ocrx_word' id='word_1_47' title='bbox 1298 908 1504 967; x_wconf 81' lang='lat' dir='ltr'>sistere</span> <span class='ocrx_word' id='word_1_48' title='bbox 1527 917 1752 969; x_wconf 87' lang='lat' dir='ltr'><strong>terram.</strong></span> 
     </span>
     <span class='ocr_line' id='line_1_10' title="bbox 307 988 1684 1069; baseline 0 -17"><span class='ocrx_word' id='word_1_49' title='bbox 307 991 615 1052; x_wconf 84' lang='lat' dir='ltr'><strong>adiunxere</strong></span> <span class='ocrx_word' id='word_1_50' title='bbox 639 988 790 1050; x_wconf 80' lang='lat' dir='ltr'><strong>feras</strong></span> <span class='ocrx_word' id='word_1_51' title='bbox 810 1035 828 1067; x_wconf 87' lang='lat'>‚</span> <span class='ocrx_word' id='word_1_52' title='bbox 853 992 983 1067; x_wconf 90' lang='lat' dir='ltr'><strong>quia</strong></span> <span class='ocrx_word' id='word_1_53' title='bbox 1008 991 1260 1067; x_wconf 84' lang='lat' dir='ltr'><strong>quamvis</strong></span> <span class='ocrx_word' id='word_1_54' title='bbox 1291 990 1468 1050; x_wconf 84' lang='lat' dir='ltr'><strong>effera</strong></span> <span class='ocrx_word' id='word_1_55' title='bbox 1489 990 1684 1069; x_wconf 90' lang='lat' dir='ltr'><strong>proles</strong></span> 
     </span>
    </p>

    <p class='ocr_par' dir='ltr' id='par_1_5' title="bbox 173 1072 1697 1487">
     <span class='ocr_line' id='line_1_11' title="bbox 173 1072 1449 1151; baseline -0.005 -11"><span class='ocrx_word' id='word_1_56' title='bbox 173 1083 285 1140; x_wconf 80' lang='grc'><strong>605</strong></span> <span class='ocrx_word' id='word_1_57' title='bbox 313 1075 517 1135; x_wconf 84' lang='lat' dir='ltr'><strong>officiis</strong></span> <span class='ocrx_word' id='word_1_58' title='bbox 542 1073 716 1133; x_wconf 90' lang='lat' dir='ltr'><strong>debet</strong></span> <span class='ocrx_word' id='word_1_59' title='bbox 739 1072 943 1133; x_wconf 87' lang='lat' dir='ltr'><strong>molliri</strong></span> <span class='ocrx_word' id='word_1_60' title='bbox 966 1075 1116 1133; x_wconf 85' lang='lat' dir='ltr'><strong>victa</strong></span> <span class='ocrx_word' id='word_1_61' title='bbox 1138 1082 1449 1151; x_wconf 90' lang='lat' dir='ltr'><strong>parentum.</strong></span> 
     </span>
     <span class='ocr_line' id='line_1_12' title="bbox 306 1158 1641 1237; baseline 0 -18"><span class='ocrx_word' id='word_1_62' title='bbox 306 1158 622 1237; x_wconf 79' lang='lat' dir='ltr'><strong>muralique</strong></span> <span class='ocrx_word' id='word_1_63' title='bbox 646 1166 815 1234; x_wconf 87' lang='lat' dir='ltr'><strong>caput</strong></span> <span class='ocrx_word' id='word_1_64' title='bbox 843 1174 1116 1217; x_wconf 86' lang='lat' dir='ltr'><strong>summum</strong></span> <span class='ocrx_word' id='word_1_65' title='bbox 1140 1159 1372 1218; x_wconf 82' lang='lat' dir='ltr'><strong>cinxere</strong></span> <span class='ocrx_word' id='word_1_66' title='bbox 1398 1175 1609 1219; x_wconf 90' lang='lat' dir='ltr'><strong>corona</strong></span> <span class='ocrx_word' id='word_1_67' title='bbox 1625 1205 1641 1235; x_wconf 88' lang='lat'><strong>‚</strong></span> 
     </span>
     <span class='ocr_line' id='line_1_13' title="bbox 309 1240 1586 1319; baseline -0.001 -16"><span class='ocrx_word' id='word_1_68' title='bbox 309 1244 529 1303; x_wconf 82' lang='lat' dir='ltr'><strong>eximiis</strong></span> <span class='ocrx_word' id='word_1_69' title='bbox 558 1243 766 1300; x_wconf 88' lang='lat' dir='ltr'><strong>munita</strong></span> <span class='ocrx_word' id='word_1_70' title='bbox 789 1240 937 1300; x_wconf 88' lang='lat' dir='ltr'><strong>locis</strong></span> <span class='ocrx_word' id='word_1_71' title='bbox 963 1241 1092 1319; x_wconf 87' lang='lat' dir='ltr'><strong>quia</strong></span> <span class='ocrx_word' id='word_1_72' title='bbox 1122 1243 1366 1303; x_wconf 86' lang='lat' dir='ltr'><strong>sustinet</strong></span> <span class='ocrx_word' id='word_1_73' title='bbox 1386 1242 1586 1312; x_wconf 88' lang='lat' dir='ltr'><strong>urbes;</strong></span> 
     </span>
     <span class='ocr_line' id='line_1_14' title="bbox 310 1325 1697 1406; baseline 0.001 -21"><span class='ocrx_word' id='word_1_74' title='bbox 310 1344 424 1406; x_wconf 94' lang='lat' dir='ltr'><strong>quo</strong></span> <span class='ocrx_word' id='word_1_75' title='bbox 452 1342 602 1385; x_wconf 90' lang='lat' dir='ltr'><strong>nunc</strong></span> <span class='ocrx_word' id='word_1_76' title='bbox 631 1325 836 1402; x_wconf 81' lang='lat' dir='ltr'>insigni</span> <span class='ocrx_word' id='word_1_77' title='bbox 855 1342 962 1402; x_wconf 89' lang='lat' dir='ltr'><strong>per</strong></span> <span class='ocrx_word' id='word_1_78' title='bbox 981 1341 1214 1401; x_wconf 87' lang='lat' dir='ltr'><strong>magnas</strong></span> <span class='ocrx_word' id='word_1_79' title='bbox 1242 1325 1495 1403; x_wconf 89' lang='lat' dir='ltr'><strong>praedita</strong></span> <span class='ocrx_word' id='word_1_80' title='bbox 1517 1335 1697 1387; x_wconf 88' lang='lat' dir='ltr'><strong>terras</strong></span> 
     </span>
     <span class='ocr_line' id='line_1_15' title="bbox 306 1408 1459 1487; baseline -0.002 -17"><span class='ocrx_word' id='word_1_81' title='bbox 306 1409 575 1472; x_wconf 81' lang='lat' dir='ltr'><strong>horrifice</strong></span> <span class='ocrx_word' id='word_1_82' title='bbox 597 1408 777 1468; x_wconf 80' lang='lat' dir='ltr'><strong>fertur</strong></span> <span class='ocrx_word' id='word_1_83' title='bbox 801 1408 1021 1468; x_wconf 90' lang='lat' dir='ltr'><strong>divinae</strong></span> <span class='ocrx_word' id='word_1_84' title='bbox 1039 1410 1231 1469; x_wconf 87' lang='lat' dir='ltr'><strong>matris</strong></span> <span class='ocrx_word' id='word_1_85' title='bbox 1254 1411 1459 1487; x_wconf 86' lang='lat' dir='ltr'><strong>imago.</strong></span> 
     </span>
    </p>

    <p class='ocr_par' dir='ltr' id='par_1_6' title="bbox 176 1493 1829 1907">
     <span class='ocr_line' id='line_1_16' title="bbox 176 1493 1644 1572; baseline -0.005 -13"><span class='ocrx_word' id='word_1_86' title='bbox 176 1501 290 1559; x_wconf 88' lang='grc'><strong>610</strong></span> <span class='ocrx_word' id='word_1_87' title='bbox 307 1493 455 1555; x_wconf 86' lang='grc'><strong>11330</strong></span> <span class='ocrx_word' id='word_1_88' title='bbox 477 1494 667 1554; x_wconf 86' lang='lat' dir='ltr'><strong>variae</strong></span> <span class='ocrx_word' id='word_1_89' title='bbox 690 1501 896 1569; x_wconf 79' lang='lat' dir='ltr'>gentes</span> <span class='ocrx_word' id='word_1_90' title='bbox 920 1493 1151 1572; x_wconf 90' lang='lat' dir='ltr'><strong>antiquo</strong></span> <span class='ocrx_word' id='word_1_91' title='bbox 1172 1510 1332 1553; x_wconf 89' lang='lat' dir='ltr'><strong>more</strong></span> <span class='ocrx_word' id='word_1_92' title='bbox 1355 1510 1644 1554; x_wconf 86' lang='lat' dir='ltr'><strong>sacrorum</strong></span> 
     </span>
     <span class='ocr_line' id='line_1_17' title="bbox 310 1575 1809 1655; baseline 0.001 -17"><span class='ocrx_word' id='word_1_93' title='bbox 310 1577 537 1639; x_wconf 80' lang='lat' dir='ltr'><strong>Idaeam</strong></span> <span class='ocrx_word' id='word_1_94' title='bbox 563 1578 814 1636; x_wconf 87' lang='lat' dir='ltr'><strong>vocitant</strong></span> <span class='ocrx_word' id='word_1_95' title='bbox 835 1585 1067 1636; x_wconf 88' lang='lat' dir='ltr'><strong>matrem</strong></span> <span class='ocrx_word' id='word_1_96' title='bbox 1082 1621 1101 1653; x_wconf 88' lang='lat'>‚</span> <span class='ocrx_word' id='word_1_97' title='bbox 1126 1575 1518 1655; x_wconf 74' lang='lat' dir='ltr'>Phrygiasque</span> <span class='ocrx_word' id='word_1_98' title='bbox 1553 1585 1809 1639; x_wconf 88' lang='lat' dir='ltr'><strong>catervas</strong></span> 
     </span>
     <span class='ocr_line' id='line_1_18' title="bbox 311 1660 1829 1738; baseline 0 -17"><span class='ocrx_word' id='word_1_99' title='bbox 311 1661 443 1735; x_wconf 83' lang='lat' dir='ltr'><strong>dant</strong></span> <span class='ocrx_word' id='word_1_100' title='bbox 465 1661 708 1721; x_wconf 83' lang='lat' dir='ltr'><strong>comites</strong></span> <span class='ocrx_word' id='word_1_101' title='bbox 725 1704 743 1736; x_wconf 90' lang='lat'>,</span> <span class='ocrx_word' id='word_1_102' title='bbox 771 1661 898 1737; x_wconf 90' lang='lat' dir='ltr'><strong>quia</strong></span> <span class='ocrx_word' id='word_1_103' title='bbox 925 1662 1161 1738; x_wconf 89' lang='lat' dir='ltr'><strong>primum</strong></span> <span class='ocrx_word' id='word_1_104' title='bbox 1184 1660 1627 1733; x_wconf 64' lang='grc'><strong>331111311311133</strong></span> <span class='ocrx_word' id='word_1_105' title='bbox 1655 1660 1829 1722; x_wconf 91' lang='lat' dir='ltr'><strong>edunt</strong></span> 
     </span>
     <span class='ocr_line' id='line_1_19' title="bbox 311 1742 1693 1824; baseline -0.001 -19"><span class='ocrx_word' id='word_1_106' title='bbox 311 1764 418 1824; x_wconf 87' lang='lat' dir='ltr'><strong>per</strong></span> <span class='ocrx_word' id='word_1_107' title='bbox 435 1753 710 1806; x_wconf 84' lang='lat' dir='ltr'><strong>terrarum</strong></span> <span class='ocrx_word' id='word_1_108' title='bbox 739 1742 934 1803; x_wconf 88' lang='lat' dir='ltr'><strong>orbem</strong></span> <span class='ocrx_word' id='word_1_109' title='bbox 965 1742 1163 1821; x_wconf 83' lang='lat' dir='ltr'><strong>fruges</strong></span> <span class='ocrx_word' id='word_1_110' title='bbox 1199 1745 1470 1823; x_wconf 90' lang='lat' dir='ltr'><strong>coepisse</strong></span> <span class='ocrx_word' id='word_1_111' title='bbox 1497 1747 1693 1804; x_wconf 89' lang='lat' dir='ltr'><strong>creari.</strong></span> 
     </span>
     <span class='ocr_line' id='line_1_20' title="bbox 310 1826 1694 1907; baseline 0 -20"><span class='ocrx_word' id='word_1_112' title='bbox 310 1828 499 1907; x_wconf 84' lang='grc'><strong>331103</strong></span> <span class='ocrx_word' id='word_1_113' title='bbox 523 1827 860 1904; x_wconf 86' lang='lat' dir='ltr'><strong>attribuunt,</strong></span> <span class='ocrx_word' id='word_1_114' title='bbox 888 1828 1048 1906; x_wconf 86' lang='lat' dir='ltr'><strong>quia,</strong></span> <span class='ocrx_word' id='word_1_115' title='bbox 1077 1845 1284 1888; x_wconf 86' lang='lat' dir='ltr'><strong>numen</strong></span> <span class='ocrx_word' id='word_1_116' title='bbox 1315 1828 1410 1906; x_wconf 90' lang='lat' dir='ltr'><strong>qui</strong></span> <span class='ocrx_word' id='word_1_117' title='bbox 1433 1826 1694 1888; x_wconf 84' lang='lat' dir='ltr'><strong>violarint</strong></span> 
     </span>
    </p>

    <p class='ocr_par' dir='ltr' id='par_1_7' title="bbox 172 1913 1803 2327">
     <span class='ocr_line' id='line_1_21' title="bbox 172 1913 1601 1990; baseline -0.003 -12"><span class='ocrx_word' id='word_1_118' title='bbox 172 1921 285 1978; x_wconf 82' lang='lat'><strong>615</strong></span> <span class='ocrx_word' id='word_1_119' title='bbox 317 1915 508 1973; x_wconf 89' lang='lat' dir='ltr'><strong>matris</strong></span> <span class='ocrx_word' id='word_1_120' title='bbox 536 1920 596 1973; x_wconf 85' lang='lat' dir='ltr'><strong>et</strong></span> <span class='ocrx_word' id='word_1_121' title='bbox 618 1913 818 1989; x_wconf 78' lang='lat' dir='ltr'><strong>ingrati</strong></span> <span class='ocrx_word' id='word_1_122' title='bbox 843 1913 1199 1989; x_wconf 86' lang='lat' dir='ltr'><strong>genitoribus</strong></span> <span class='ocrx_word' id='word_1_123' title='bbox 1223 1914 1601 1990; x_wconf 61' lang='grc'><strong>13133113131,</strong></span> 
     </span>
     <span class='ocr_line' id='line_1_22' title="bbox 311 1996 1639 2076; baseline 0 -19"><span class='ocrx_word' id='word_1_124' title='bbox 311 1998 635 2075; x_wconf 83' lang='lat' dir='ltr'><strong>siguificare</strong></span> <span class='ocrx_word' id='word_1_125' title='bbox 658 1996 854 2056; x_wconf 83' lang='lat' dir='ltr'><strong>volunt</strong></span> <span class='ocrx_word' id='word_1_126' title='bbox 875 1996 1137 2073; x_wconf 85' lang='lat' dir='ltr'><strong>indignos</strong></span> <span class='ocrx_word' id='word_1_127' title='bbox 1163 2015 1300 2059; x_wconf 86' lang='lat' dir='ltr'><strong>esse</strong></span> <span class='ocrx_word' id='word_1_128' title='bbox 1323 1996 1602 2076; x_wconf 89' lang='lat' dir='ltr'><strong>putandos</strong></span> <span class='ocrx_word' id='word_1_129' title='bbox 1622 2043 1639 2074; x_wconf 90' lang='lat'>,</span> 
     </span>
     <span class='ocr_line' id='line_1_23' title="bbox 310 2080 1653 2158; baseline -0.001 -18"><span class='ocrx_word' id='word_1_130' title='bbox 310 2083 496 2141; x_wconf 82' lang='lat' dir='ltr'><strong>vivam</strong></span> <span class='ocrx_word' id='word_1_131' title='bbox 517 2082 851 2158; x_wconf 89' lang='lat' dir='ltr'><strong>progeniem</strong></span> <span class='ocrx_word' id='word_1_132' title='bbox 875 2081 1048 2158; x_wconf 90' lang='lat' dir='ltr'><strong>quiin</strong></span> <span class='ocrx_word' id='word_1_133' title='bbox 1072 2098 1200 2141; x_wconf 89' lang='lat' dir='ltr'><strong>oras</strong></span> <span class='ocrx_word' id='word_1_134' title='bbox 1223 2080 1445 2142; x_wconf 88' lang='lat' dir='ltr'><strong>luminis</strong></span> <span class='ocrx_word' id='word_1_135' title='bbox 1470 2082 1653 2142; x_wconf 83' lang='lat' dir='ltr'><strong>edant.</strong></span> 
     </span>
     <span class='ocr_line' id='line_1_24' title="bbox 310 2163 1801 2243; baseline 0 -19"><span class='ocrx_word' id='word_1_136' title='bbox 310 2173 576 2243; x_wconf 76' lang='lat' dir='ltr'><strong>tympana</strong></span> <span class='ocrx_word' id='word_1_137' title='bbox 596 2172 751 2224; x_wconf 90' lang='lat' dir='ltr'><strong>tenta</strong></span> <span class='ocrx_word' id='word_1_138' title='bbox 774 2163 968 2224; x_wconf 83' lang='lat' dir='ltr'><strong>tonant</strong></span> <span class='ocrx_word' id='word_1_139' title='bbox 990 2163 1190 2243; x_wconf 91' lang='lat' dir='ltr'><strong>palmis</strong></span> <span class='ocrx_word' id='word_1_140' title='bbox 1220 2172 1281 2225; x_wconf 90' lang='lat' dir='ltr'><strong>et</strong></span> <span class='ocrx_word' id='word_1_141' title='bbox 1311 2163 1566 2239; x_wconf 76' lang='lat' dir='ltr'><strong>cymbala</strong></span> <span class='ocrx_word' id='word_1_142' title='bbox 1592 2167 1801 2224; x_wconf 90' lang='lat' dir='ltr'><strong>circum</strong></span> 
     </span>
     <span class='ocr_line' id='line_1_25' title="bbox 312 2248 1803 2327; baseline -0.001 -19"><span class='ocrx_word' id='word_1_143' title='bbox 312 2265 599 2323; x_wconf 83' lang='lat' dir='ltr'><strong>concava,</strong></span> <span class='ocrx_word' id='word_1_144' title='bbox 622 2248 1045 2327; x_wconf 82' lang='lat' dir='ltr'><strong>raucisonoque</strong></span> <span class='ocrx_word' id='word_1_145' title='bbox 1064 2248 1342 2307; x_wconf 89' lang='lat' dir='ltr'><strong>minantur</strong></span> <span class='ocrx_word' id='word_1_146' title='bbox 1363 2265 1574 2308; x_wconf 88' lang='lat' dir='ltr'><strong>cornua</strong></span> <span class='ocrx_word' id='word_1_147' title='bbox 1605 2259 1768 2308; x_wconf 90' lang='lat' dir='ltr'><strong>cantu</strong></span> <span class='ocrx_word' id='word_1_148' title='bbox 1784 2295 1803 2327; x_wconf 87' lang='lat'>‚</span> 
     </span>
    </p>

    <p class='ocr_par' dir='ltr' id='par_1_8' title="bbox 178 2330 1756 2745">
     <span class='ocr_line' id='line_1_26' title="bbox 178 2330 1756 2410; baseline -0.001 -17"><span class='ocrx_word' id='word_1_149' title='bbox 178 2342 290 2399; x_wconf 77' lang='lat'><strong>620</strong></span> <span class='ocrx_word' id='word_1_150' title='bbox 311 2341 372 2393; x_wconf 90' lang='grc'><strong>31</strong></span> <span class='ocrx_word' id='word_1_151' title='bbox 395 2331 646 2409; x_wconf 79' lang='lat' dir='ltr'><strong>Phrygio</strong></span> <span class='ocrx_word' id='word_1_152' title='bbox 667 2330 915 2393; x_wconf 87' lang='lat' dir='ltr'><strong>stimulat</strong></span> <span class='ocrx_word' id='word_1_153' title='bbox 937 2348 1171 2392; x_wconf 90' lang='lat' dir='ltr'><strong>numero</strong></span> <span class='ocrx_word' id='word_1_154' title='bbox 1198 2349 1336 2392; x_wconf 85' lang='lat' dir='ltr'><strong>cava</strong></span> <span class='ocrx_word' id='word_1_155' title='bbox 1359 2333 1495 2392; x_wconf 87' lang='lat' dir='ltr'><strong>tibia</strong></span> <span class='ocrx_word' id='word_1_156' title='bbox 1518 2334 1722 2393; x_wconf 89' lang='lat' dir='ltr'><strong>mentis</strong></span> <span class='ocrx_word' id='word_1_157' title='bbox 1737 2378 1756 2410; x_wconf 84' lang='lat'>,</span> 
     </span>
     <span class='ocr_line' id='line_1_27' title="bbox 313 2413 1700 2495; baseline 0.001 -19"><span class='ocrx_word' id='word_1_158' title='bbox 313 2414 547 2493; x_wconf 89' lang='lat' dir='ltr'><strong>telaque</strong></span> <span class='ocrx_word' id='word_1_159' title='bbox 576 2423 974 2495; x_wconf 71' lang='lat' dir='ltr'><strong>praeponant,</strong></span> <span class='ocrx_word' id='word_1_160' title='bbox 1006 2413 1245 2476; x_wconf 80' lang='lat' dir='ltr'><strong>violenti</strong></span> <span class='ocrx_word' id='word_1_161' title='bbox 1267 2419 1429 2494; x_wconf 85' lang='lat' dir='ltr'><strong>signa</strong></span> <span class='ocrx_word' id='word_1_162' title='bbox 1457 2415 1663 2478; x_wconf 80' lang='lat' dir='ltr'><strong>furoris</strong></span> <span class='ocrx_word' id='word_1_163' title='bbox 1683 2460 1700 2492; x_wconf 86' lang='lat'>‚</span> 
     </span>
     <span class='ocr_line' id='line_1_28' title="bbox 313 2499 1637 2579; baseline -0.001 -20"><span class='ocrx_word' id='word_1_164' title='bbox 313 2502 571 2577; x_wconf 88' lang='lat' dir='ltr'><strong>ingratos</strong></span> <span class='ocrx_word' id='word_1_165' title='bbox 595 2501 1006 2578; x_wconf 25' lang='lat' dir='ltr'><strong>animosssatque</strong></span> <span class='ocrx_word' id='word_1_166' title='bbox 1027 2500 1196 2579; x_wconf 90' lang='lat' dir='ltr'><strong>impia</strong></span> <span class='ocrx_word' id='word_1_167' title='bbox 1218 2510 1457 2579; x_wconf 84' lang='lat' dir='ltr'><strong>pectora</strong></span> <span class='ocrx_word' id='word_1_168' title='bbox 1476 2499 1637 2577; x_wconf 82' lang='lat' dir='ltr'><strong>volgi</strong></span> 
     </span>
     <span class='ocr_line' id='line_1_29' title="bbox 318 2582 1699 2661; baseline -0.002 -18"><span class='ocrx_word' id='word_1_169' title='bbox 318 2592 652 2643; x_wconf 87' lang='lat' dir='ltr'><strong>conterrere</strong></span> <span class='ocrx_word' id='word_1_170' title='bbox 678 2592 832 2642; x_wconf 88' lang='lat' dir='ltr'><strong>metu</strong></span> <span class='ocrx_word' id='word_1_171' title='bbox 857 2600 1002 2661; x_wconf 91' lang='lat' dir='ltr'><strong>quae</strong></span> <span class='ocrx_word' id='word_1_172' title='bbox 1025 2585 1249 2661; x_wconf 88' lang='lat' dir='ltr'><strong>possint</strong></span> <span class='ocrx_word' id='word_1_173' title='bbox 1269 2584 1494 2644; x_wconf 90' lang='lat' dir='ltr'><strong>numini&#39;</strong></span> <span class='ocrx_word' id='word_1_174' title='bbox 1520 2582 1699 2643; x_wconf 88' lang='lat' dir='ltr'><strong>divae.</strong></span> 
     </span>
     <span class='ocr_line' id='line_1_30' title="bbox 315 2667 1681 2745; baseline -0.002 -16"><span class='ocrx_word' id='word_1_175' title='bbox 315 2684 461 2745; x_wconf 89' lang='lat' dir='ltr'><strong>ergo</strong></span> <span class='ocrx_word' id='word_1_176' title='bbox 485 2684 614 2727; x_wconf 91' lang='lat' dir='ltr'><strong>cum</strong></span> <span class='ocrx_word' id='word_1_177' title='bbox 634 2668 871 2745; x_wconf 90' lang='lat' dir='ltr'><strong>primum</strong></span> <span class='ocrx_word' id='word_1_178' title='bbox 892 2684 1123 2744; x_wconf 89' lang='lat' dir='ltr'><strong>magnas</strong></span> <span class='ocrx_word' id='word_1_179' title='bbox 1145 2669 1373 2728; x_wconf 85' lang='lat' dir='ltr'><strong>invecta</strong></span> <span class='ocrx_word' id='word_1_180' title='bbox 1398 2684 1505 2745; x_wconf 87' lang='lat' dir='ltr'><strong>per</strong></span> <span class='ocrx_word' id='word_1_181' title='bbox 1526 2667 1681 2726; x_wconf 87' lang='lat' dir='ltr'><strong>urbis</strong></span> 
     </span>
    </p>

    <p class='ocr_par' dir='ltr' id='par_1_9' title="bbox 178 2749 1877 3165">
     <span class='ocr_line' id='line_1_31' title="bbox 178 2749 1548 2827; baseline -0.004 -11"><span class='ocrx_word' id='word_1_182' title='bbox 178 2759 291 2816; x_wconf 78' lang='lat'><strong>625</strong></span> <span class='ocrx_word' id='word_1_183' title='bbox 317 2750 604 2810; x_wconf 89' lang='lat' dir='ltr'><strong>munificat</strong></span> <span class='ocrx_word' id='word_1_184' title='bbox 626 2752 795 2811; x_wconf 88' lang='lat' dir='ltr'><strong>tacita</strong></span> <span class='ocrx_word' id='word_1_185' title='bbox 816 2750 1067 2811; x_wconf 89' lang='lat' dir='ltr'><strong>mortalis</strong></span> <span class='ocrx_word' id='word_1_186' title='bbox 1089 2760 1242 2810; x_wconf 89' lang='lat' dir='ltr'><strong>muta</strong></span> <span class='ocrx_word' id='word_1_187' title='bbox 1264 2749 1448 2812; x_wconf 79' lang='lat' dir='ltr'><strong>salute</strong></span> <span class='ocrx_word' id='word_1_188' title='bbox 1471 2795 1490 2827; x_wconf 88' lang='lat'>‚</span> <span class='ocrx_word' id='word_1_189' title='bbox 1545 2795 1548 2799; x_wconf 85' lang='lat'><em>-</em></span> 
     </span>
     <span class='ocr_line' id='line_1_32' title="bbox 314 2834 1790 2914; baseline -0.003 -18"><span class='ocrx_word' id='word_1_190' title='bbox 314 2853 451 2896; x_wconf 87' lang='lat' dir='ltr'><strong>aere</strong></span> <span class='ocrx_word' id='word_1_191' title='bbox 475 2842 647 2914; x_wconf 89' lang='lat' dir='ltr'><strong>atque</strong></span> <span class='ocrx_word' id='word_1_192' title='bbox 668 2843 908 2912; x_wconf 88' lang='lat' dir='ltr'><strong>argento</strong></span> <span class='ocrx_word' id='word_1_193' title='bbox 939 2843 1198 2895; x_wconf 88' lang='lat' dir='ltr'><strong>sternunt</strong></span> <span class='ocrx_word' id='word_1_194' title='bbox 1222 2836 1333 2895; x_wconf 90' lang='lat' dir='ltr'><strong>iter</strong></span> <span class='ocrx_word' id='word_1_195' title='bbox 1354 2852 1522 2901; x_wconf 77' lang='lat' dir='ltr'><strong>omne,</strong></span> <span class='ocrx_word' id='word_1_196' title='bbox 1543 2834 1756 2892; x_wconf 85' lang='lat' dir='ltr'><strong>viarum</strong></span> <span class='ocrx_word' id='word_1_197' title='bbox 1773 2876 1790 2907; x_wconf 83' lang='lat'>‚</span> 
     </span>
     <span class='ocr_line' id='line_1_33' title="bbox 316 2918 1702 2998; baseline -0.001 -20"><span class='ocrx_word' id='word_1_198' title='bbox 316 2919 574 2996; x_wconf 83' lang='lat' dir='ltr'><strong>largifica</strong></span> <span class='ocrx_word' id='word_1_199' title='bbox 597 2920 748 2997; x_wconf 90' lang='lat' dir='ltr'><strong>stipe</strong></span> <span class='ocrx_word' id='word_1_200' title='bbox 771 2918 1012 2979; x_wconf 88' lang='lat' dir='ltr'><strong>ditantes</strong></span> <span class='ocrx_word' id='word_1_201' title='bbox 1029 2964 1047 2996; x_wconf 83' lang='lat'>‚</span> <span class='ocrx_word' id='word_1_202' title='bbox 1070 2920 1424 2998; x_wconf 81' lang='lat' dir='ltr'><strong>ninguntque</strong></span> <span class='ocrx_word' id='word_1_203' title='bbox 1446 2934 1702 2978; x_wconf 87' lang='lat' dir='ltr'><strong>rosarum</strong></span> 
     </span>
     <span class='ocr_line' id='line_1_34' title="bbox 316 3002 1877 3081; baseline -0.003 -19"><span class='ocrx_word' id='word_1_204' title='bbox 316 3003 553 3062; x_wconf 85' lang='lat' dir='ltr'><strong>floribus</strong></span> <span class='ocrx_word' id='word_1_205' title='bbox 582 3002 908 3062; x_wconf 87' lang='lat' dir='ltr'><strong>umbrantes</strong></span> <span class='ocrx_word' id='word_1_206' title='bbox 935 3012 1172 3062; x_wconf 87' lang='lat' dir='ltr'><strong>matrem</strong></span> <span class='ocrx_word' id='word_1_207' title='bbox 1195 3006 1577 3081; x_wconf 88' lang='lat' dir='ltr'><strong>comitumque</strong></span> <span class='ocrx_word' id='word_1_208' title='bbox 1602 3010 1877 3061; x_wconf 84' lang='lat' dir='ltr'><strong>catervas.</strong></span> 
     </span>
     <span class='ocr_line' id='line_1_35' title="bbox 315 3083 1565 3165; baseline -0.001 -19"><span class='ocrx_word' id='word_1_209' title='bbox 315 3087 410 3146; x_wconf 88' lang='lat' dir='ltr'><strong>hic</strong></span> <span class='ocrx_word' id='word_1_210' title='bbox 433 3095 641 3145; x_wconf 87' lang='lat' dir='ltr'><strong>armata</strong></span> <span class='ocrx_word' id='word_1_211' title='bbox 659 3103 854 3147; x_wconf 89' lang='lat' dir='ltr'><strong>manus</strong></span> <span class='ocrx_word' id='word_1_212' title='bbox 872 3131 890 3165; x_wconf 87' lang='lat'>,</span> <span class='ocrx_word' id='word_1_213' title='bbox 918 3083 1158 3146; x_wconf 85' lang='lat' dir='ltr'><strong>Curetas</strong></span> <span class='ocrx_word' id='word_1_214' title='bbox 1179 3089 1407 3146; x_wconf 89' lang='lat' dir='ltr'><strong>nomine</strong></span> <span class='ocrx_word' id='word_1_215' title='bbox 1434 3084 1565 3145; x_wconf 88' lang='lat' dir='ltr'><strong>Grai</strong></span> 
     </span>
    </p>

    <p class='ocr_par' dir='ltr' id='par_1_10' title="bbox 176 3166 1985 3503">
     <span class='ocr_line' id='line_1_36' title="bbox 176 3166 1985 3250; baseline -0.005 -17"><span class='ocrx_word' id='word_1_216' title='bbox 176 3177 292 3233; x_wconf 84' lang='lat'><strong>630</strong></span> <span class='ocrx_word' id='word_1_217' title='bbox 313 3187 460 3250; x_wconf 88' lang='lat' dir='ltr'><strong>quos</strong></span> <span class='ocrx_word' id='word_1_218' title='bbox 482 3178 797 3230; x_wconf 89' lang='lat' dir='ltr'><strong>memorant</strong></span> <span class='ocrx_word' id='word_1_219' title='bbox 820 3168 1102 3247; x_wconf 75' lang='lat' dir='ltr'><strong>Phrygios</strong></span> <span class='ocrx_word' id='word_1_220' title='bbox 1118 3214 1138 3247; x_wconf 80' lang='lat'>‚</span> <span class='ocrx_word' id='word_1_221' title='bbox 1162 3172 1315 3231; x_wconf 91' lang='lat' dir='ltr'><strong>inter</strong></span> <span class='ocrx_word' id='word_1_222' title='bbox 1341 3189 1407 3232; x_wconf 88' lang='grc'><strong>33</strong></span> <span class='ocrx_word' id='word_1_223' title='bbox 1431 3169 1581 3229; x_wconf 82' lang='lat' dir='ltr'><strong>forte</strong></span> <span class='ocrx_word' id='word_1_224' title='bbox 1605 3168 1768 3246; x_wconf 83' lang='lat' dir='ltr'><strong>quod</strong></span> <span class='ocrx_word' id='word_1_225' title='bbox 1791 3166 1985 3228; x_wconf 70' lang='lat' dir='ltr'><strong>armis</strong></span> 
     </span>
     <span class='ocr_line' id='line_1_37' title="bbox 314 3253 1781 3333; baseline -0.001 -21"><span class='ocrx_word' id='word_1_226' title='bbox 314 3253 514 3314; x_wconf 86' lang='lat' dir='ltr'><strong>ludunt</strong></span> <span class='ocrx_word' id='word_1_227' title='bbox 538 3255 595 3313; x_wconf 91' lang='lat' dir='ltr'><strong>in</strong></span> <span class='ocrx_word' id='word_1_228' title='bbox 617 3271 1024 3333; x_wconf 87' lang='lat' dir='ltr'><strong>numerumque</strong></span> <span class='ocrx_word' id='word_1_229' title='bbox 1048 3253 1305 3314; x_wconf 85' lang='lat' dir='ltr'><strong>exultant</strong></span> <span class='ocrx_word' id='word_1_230' title='bbox 1326 3253 1781 3331; x_wconf 87' lang='lat' dir='ltr'><strong>sanguinolenti,</strong></span> 
     </span>
     <span class='ocr_line' id='line_1_38' title="bbox 313 3337 1751 3417; baseline -0.001 -19"><span class='ocrx_word' id='word_1_231' title='bbox 313 3339 598 3399; x_wconf 82' lang='lat' dir='ltr'><strong>terrificas</strong></span> <span class='ocrx_word' id='word_1_232' title='bbox 627 3339 873 3416; x_wconf 88' lang='lat' dir='ltr'><strong>capitum</strong></span> <span class='ocrx_word' id='word_1_233' title='bbox 897 3339 1217 3417; x_wconf 86' lang='lat' dir='ltr'><strong>quatientes</strong></span> <span class='ocrx_word' id='word_1_234' title='bbox 1240 3340 1483 3396; x_wconf 82' lang='lat' dir='ltr'><strong>momine</strong></span> <span class='ocrx_word' id='word_1_235' title='bbox 1518 3337 1718 3396; x_wconf 87' lang='lat' dir='ltr'><strong>cristas</strong></span> <span class='ocrx_word' id='word_1_236' title='bbox 1734 3379 1751 3409; x_wconf 86' lang='lat'>,</span> 
     </span>
     <span class='ocr_line' id='line_1_39' title="bbox 316 3418 1678 3503; baseline -0.002 -23"><span class='ocrx_word' id='word_1_237' title='bbox 316 3421 595 3483; x_wconf 88' lang='lat' dir='ltr'><strong>Dictaeos</strong></span> <span class='ocrx_word' id='word_1_238' title='bbox 621 3420 879 3482; x_wconf 79' lang='lat' dir='ltr'><strong>referunt</strong></span> <span class='ocrx_word' id='word_1_239' title='bbox 907 3418 1146 3503; x_wconf 85' lang='lat' dir='ltr'><strong>Curetas</strong></span> <span class='ocrx_word' id='word_1_240' title='bbox 1165 3466 1182 3497; x_wconf 89' lang='lat'>,</span> <span class='ocrx_word' id='word_1_241' title='bbox 1217 3422 1312 3499; x_wconf 90' lang='lat' dir='ltr'><strong>qui</strong></span> <span class='ocrx_word' id='word_1_242' title='bbox 1337 3419 1490 3480; x_wconf 85' lang='lat' dir='ltr'><strong>Iovis</strong></span> <span class='ocrx_word' id='word_1_243' title='bbox 1520 3418 1678 3477; x_wconf 90' lang='lat' dir='ltr'><strong>illum</strong></span> 
     </span>
    </p>
   </div>
   <div class='ocr_carea' id='block_1_4' title="bbox 2053 155 2138 222">
    <p class='ocr_par' dir='ltr' id='par_1_11' title="bbox 2053 155 2138 222">
     <span class='ocr_line' id='line_1_40' title="bbox 2053 155 2138 222; baseline 0.035 -3"><span class='ocrx_word' id='word_1_244' title='bbox 2053 155 2138 222; x_wconf 85' lang='lat'><strong>47</strong></span> 
     </span>
    </p>
   </div>
  </div>
 </body>
</html>
