2409 3825
743 184 917 233 xvn.
984 182 1388 236 Aonslnffls.
1432 183 1583 233 4—6.
2042 172 2128 237 69

190 318 598 404 nocuissent,
653 323 767 385 aut
817 343 954 385 non
1010 322 1412 406 gravioribus
1514 322 1692 387 oenis
1746 323 1946 408 affici,
2013 324 2125 409 qui

191 404 581 490 religionem
624 405 1018 489 minuerent,
1066 427 1258 490 quam
1303 407 1414 490 qui
1485 428 1611 485 ana
1651 408 2019 491 spoliarent.

365 488 527 554 Post
576 487 703 554 hoc
754 490 1073 574 proelium
1127 490 1431 555 collatum
1489 513 1678 556 omne
1732 492 1972 556 bellum
2028 496 2126 558 est
2155 490 2199 556 5

188 575 365 638 circa
395 571 779 641 Corinthum
822 573 967 639 ideo
1013 594 1094 638 ue
1125 572 1534 640 Corinthium
1578 580 1676 641 est
1710 576 2119 660 appellatum.

187 658 303 722 hic
348 677 494 743 OQ
538 680 668 722 una
714 678 936 745 pugna
1030 679 1204 723 ecem
1259 660 1440 737 milia
1490 660 1777 724 hostium
1818 661 2121 745 Agesilao
2151 671 2185 721 2

190 741 357 807 duce
390 741 768 806 cecidissent
810 763 1013 827 eoque
1055 743 1228 808 facto
1273 766 1429 827 opes
1471 744 1979 809 adversariorum
2023 745 2128 810 de·

187 826 488 891 bilitatae
531 826 920 910 viderentur,
969 831 1224 892 tantum
1269 828 1433 893 afuit
1476 830 1556 893 ab
1599 828 1947 893 insolentia
1989 830 2127 916 glo·

187 910 362 1060 ssffi’
384 906 1005 1060 ἒὶιὲοῗῖῗθῗὲὲΐῗ
1041 912 1417 1062 ἔῖἑὲοὲἓιη
1562 912 2127 1062 ῗὲἰῗὴέόῃὲἰὲῖἒ

190 1083 373 1144 sent:
428 1100 705 1165 namque
757 1079 872 1144 illa
912 1079 1324 1145 multitudine
1342 1130 1359 1164 ,
1419 1081 1474 1146 si
1518 1104 1674 1146 sana
1714 1103 1897 1146 mens
1941 1085 2124 1165 esset,

192 1162 505 1229 Graeciae
570 1164 955 1248 supplicium
1015 1164 1243 1230 Persas
1308 1165 1456 1230 dare
1520 1167 1825 1250 potuisse.
1933 1166 2123 1250 idem,
2153 1176 2185 1224 3

191 1269 370 1324 cum„
389 1246 781 1313 adversarios
824 1249 999 1313 intra
1039 1250 1298 1315 moenia
1340 1251 1753 1335 compulisset
1795 1254 1862 1315 et
1903 1256 1977 1314 ut
2008 1251 2127 1319 Co-

189 1332 488 1397 rinthum
545 1337 951 1418 oppugnaret
1001 1334 1190 1398 multi
1244 1334 1686 1419 hortarentur,
1741 1336 2009 1432 negavit
2060 1335 2128 1400 id

192 1438 350 1480 suae
404 1417 632 1481 virtuti
674 1417 1051 1482 convenire:
1096 1439 1165 1483 se
1210 1419 1382 1482 enim
1420 1438 1565 1501 eum
1611 1439 1745 1484 esse
1790 1418 1968 1502 dixit,
2013 1421 2127 1503 qui

191 1503 276 1565 ad
323 1500 608 1567 officium
635 1506 972 1585 peccantes
1006 1502 1224 1567 'redire
1268 1507 1554 1588 cogeret,
1600 1524 1735 1567 non
1778 1505 1891 1587 qui
1933 1504 2124 1568 urbes

188 1585 629 1651 nobilissimas
691 1591 1087 1672 expugnaret
1145 1587 1468 1652 Graeciae.
1559 1595 1733 1652 ‘nam
1777 1588 1855 1651 si'
1910 1588 2125 1670 inquit
2151 1598 2186 1646 4

194 1675 334 1736 ‘eos
378 1671 781 1757 exstinguere
825 1671 1248 1754 voluerimus,
1294 1673 1405 1756 qui
1447 1672 1782 1737 nobiscum
1825 1671 2128 1736 adversus

191 1755 506 1819 barbaros
550 1758 884 1839 steterunt,
926 1758 1183 1820 nosmet
1224 1756 1348 1839 ipsi
1390 1777 1512 1821 nos
1550 1756 2128 1840 expugnaverimus

192 1839 330 1903 illis
375 1839 868 1924 quiescentibus.
942 1854 1072 1925 quo
1115 1841 1289 1905 facto
1333 1840 1472 1905 sine
1499 1841 1784 1926 negotiO,
1829 1861 1976 1905 cum
2017 1862 2127 1905 vo-

188 1924 466 2008 luerint,
519 1946 640 1990 nos
683 1925 1094 2009 oppriment?

364 2007 635 2073 Interim
679 2010 912 2074 accidit
952 2010 1067 2074 illa
1109 2009 1438 2075 calamitas
1481 2009 1654 2095 apud
1697 2009 1970 2076 Leuctra
2008 2010 2131 2075 La·
2158 2007 2201 2071 6

192 2093 642 2159 cedaemoniiS.
774 2115 860 2159 uo
903 2116 986 2159 ne
1029 2094 1567 2179 proficisceretur,
1627 2117 1773 2176 cum
1827 2118 1867 2159 a
1907 2095 2128 2179 pleris-

193 2199 322 2262 que
379 2179 461 2242 ad
518 2199 721 2242 exeun
765 2200 876 2243 um
927 2182 1350 2263 premeretur,
1401 2184 1479 2244 ut
1529 2180 1583 2244 si
1627 2179 1704 2244 de
1749 2179 1923 2244 exitu
1969 2178 2127 2243 divi-

191 2266 402 2346 naret,
448 2264 621 2327 exire
662 2262 894 2327 noluit.
982 2262 1180 2348 idem,
1208 2286 1372 2332 ,cum
1413 2263 1894 2363 Epaminondas
1939 2262 2128 2347 Spar-

190 2352 332 2412 tam
377 2350 784 2432 oppugnaret
826 2350 1117 2435 esgetque
1147 2347 1286 2413 sine
1306 2354 1530 2413 ‘i‘fiuns
1560 2349 1886 2434 oppidum,
1928 2349 2126 2413 uilem

191 2451 261 2497 se
315 2432 771 2516 imperatorem
822 2433 1149 2530 praebuit,
1209 2436 1287 2497 ut
1340 2455 1416 2497 eo
1481 2438 1771 2517 tempore
1828 2434 2125 2498 omnibus

192 2517 595 2601 apparuerit,
648 2516 774 2581 nisi
828 2517 940 2581 1lle
993 2517 1251 2600 fuisset,
1306 2515 1603 2600 Spartam
1644 2518 1929 2582 futuram
1986 2537 2123 2582 non

190 2602 412 2666 fuisse.
472 2601 544 2665 in
587 2622 714 2748 ‘Q’
760 2600 1018 2685 quidem
1048 2601 1413 2665 discrimine
1457 2601 1748 2665 celeritas
1793 2601 1929 2664 eius
1973 2621 2121 2665 con·
2150 2609 2185 2658 2

192 2685 325 2750 silii
393 2686 586 2750 saluti
670 2686 769 2750 uit
827 2686 1163 2750 universis,
1261 2706 1415 2749 nam
1468 2706 1614 2758 cum
1674 2683 1932 2768 quidam
1975 2684 2126 2748 adu-

192 2770 532 2835 lescentuli
545 2775 564 2852 ,
606 2769 892 2835 hostium
937 2770 1219 2834 adventu
1260 2768 1614 2853 perterriti,
1660 2768 1742 2833 ad
1783 2768 2126 2834 Thebanos

190 2854 601 2939 transfugere
644 2855 888 2932 vellent
930 2858 996 2919 et
1021 2855 1236 2919 locum
1281 2856 1461 2918 extra
1488 2852 1713 2917 urbem
1743 2854 1986 2918 editum
2029 2876 2126 2919 ce-

189 2940 460 3038 pissent,
504 2929 863 3023 Agesilaus,
909 2939 1021 3022 qui
1048 2938 1660 3024 perniciosissimum
1688 2937 1830 3003 fore
1857 2939 2123 3021 videret,

192 3035 245 3088 ‘si
289 3024 809 3088 animadversum
852 3026 1045 3107 esset,
1093 3043 1481 3106 quemquam
1526 3023 1608 3087 ad
1659 3022 1877 3087 hostes
1918 3027 2125 3086 trans-

189 3108 416 3207 fugere
462 3108 713 3192 conari,
759 3129 905 3172 cum
948 3108 1080 3172 suis
1125 3129 1201 3172 eo
1246 3108 1427 3170 venit
1468 3112 1690 3191 atque,
1734 3110 1809 3170 ut
1850 3106 1907 3169 si
1947 3107 2123 3171 bono

191 3214 409 3260 ammo
440 3191 762 3276 fecissent,
805 3191 1092 3256 laudavit
1119 3191 1459 3256 consilium
1490 3213 1729 3271 eorum,
1775 3189 1949 3274 quod
1978 3212 2125 3254 eum

191 3278 406 3343 locum
468 3279 917 3361 occupassent,
985 3279 1051 3340 et
1113 3297 1180 3341 se
1246 3296 1503 3359 quoque
1563 3275 1631 3338 id
1691 3274 1832 3338 ficri
1896 3274 2125 3338 debere

192 3360 737 3428 animadvertisse.
808 3361 899 3425 sic
944 3359 1382 3425 adulescentes
1412 3359 1644 3424 simula
1778 3358 2118 3421 audatione
2147 3364 2182 3413 8

191 3446 596 3513 recuperavit
661 3449 727 3510 et
791 3444 1110 3510 adiunctis
1176 3444 1255 3508 de
1319 3444 1451 3508 suis
1516 3464 1684 3507 com1
1719 3440 1732 3454 '
1782 3462 1857 3504 us
1910 3441 2121 3542 locum
