2409 3825
166 154 169 159 “
200 140 285 209 70
1158 142 1241 203 111

369 321 430 373 et
455 309 614 372 calor
634 311 781 369 inter
803 329 868 369 se
891 310 1124 387 vigeant
1149 310 1449 369 commixta
1471 328 1577 388 per
1604 319 1757 371 artus
1773 356 1791 387 ‚

364 405 538 473 atque
567 394 693 455 aliis
723 391 877 453 aliud
899 393 1086 454 subsit
1108 394 1289 471 magis
1315 395 1672 474 eminentque
1689 441 1708 472 ‚

232 487 336 544 285
365 488 427 538 ut
452 477 711 558 quiddam
741 477 863 537 fieri
890 476 1150 538 videatur
1169 477 1242 537 ab
1266 476 1523 538 omnibus
1553 496 1722 538 unum
1739 524 1756 556 ,

364 581 439 623 ne
472 561 631 623 calor
655 579 724 622 ac
751 570 958 621 ventus
990 578 1252 623 seorsum
1276 579 1652 642 seorsumque
1680 572 1938 642 potestas

363 646 517 707 aeris
543 648 880 707 interemant
902 663 1134 706 sensum
1157 643 1501 724 diductaque
1527 645 1772 708 solvant.

366 739 458 792 est
480 732 693 791 etenim
717 727 874 789 calor
896 727 995 790 ille
1019 731 1202 789 animo
1218 775 1236 807 ‚
1269 748 1437 808 quem
1464 732 1664 809 sumit,
1694 733 1750 791 in
1774 733 1855 793 ira

369 831 497 875 cum
518 813 797 875 fervescit
828 821 986 872 etex
1008 811 1192 874 oculis
1219 815 1387 874 micat
1410 814 1638 876 acribus
1661 815 1859 877 ardor:

240 907 347 964 290
368 908 461 960 est
483 907 544 958 et
570 895 775 975 frigida
794 895 969 957 multa
984 942 1002 975 ,
1029 915 1227 958 comes
1250 896 1563 960 formidinis
1579 945 1597 977 ,
1626 917 1758 960 aura
1774 946 1791 979 ‚

367 999 514 1062 quae
538 983 653 1041 ciet
670 980 965 1041 horrorem
991 982 1260 1042 membris
1282 991 1343 1041 et
1365 984 1612 1043 concitat
1633 992 1816 1045 artus:

367 1076 459 1126 est
482 1066 652 1125 etiam
681 1082 912 1145 quoque
934 1066 1120 1145 pacati
1148 1073 1329 1126 status
1362 1067 1514 1127 aeris
1541 1065 1675 1144 ille,

365 1156 611 1229 pectore
640 1148 945 1227 tranquillo
976 1151 1071 1228 qui
1094 1150 1154 1209 fit
1174 1148 1453 1229 voltuque
1477 1169 1706 1211 sereno.

362 1233 474 1294 sed
500 1231 667 1294 calidi
695 1233 826 1312 plus
850 1243 941 1294 est
969 1233 1084 1294 illis
1116 1234 1323 1312 quihus
1351 1236 1502 1295 acria
1528 1235 1700 1295 corda

239 1328 344 1383 295
364 1316 748 1395 iracundaque
776 1336 936 1378 mens
962 1317 1133 1378 facile
1159 1317 1493 1379 effervescit
1516 1321 1573 1378 in
1595 1321 1706 1388 ira;

367 1418 483 1481 quo
507 1418 725 1479 genere
754 1403 810 1461 in
832 1404 1027 1481 primis
1049 1403 1139 1462 vis
1160 1412 1262 1481 ⁸est
1284 1402 1534 1463 violenta
1558 1404 1786 1463 leonum
1802 1452 1820 1484 ‚

367 1495 609 1566 pectora
634 1487 731 1565 qui
755 1485 981 1545 fremitu
1007 1496 1274 1565 rumpunt
1297 1485 1636 1567 plerumque
1660 1501 1960 1566 gementes
1975 1534 1996 1570 ‚

366 1588 480 1632 nec
503 1587 715 1650 capere
745 1571 949 1631 irarum
978 1569 1186 1630 fluctus
1207 1571 1262 1630 in
1286 1581 1528 1650 pectore
1551 1582 1814 1653 possunt.

367 1663 425 1714 at
444 1662 686 1714 ventosa
707 1656 888 1731 magis
917 1672 1219 1714 cervorum
1240 1655 1442 1732 frigida
1471 1674 1630 1717 mens
1658 1667 1747 1718 est

239 1748 346 1802 300
367 1748 426 1799 et
447 1736 670 1817 gelidas
697 1740 862 1799 citius
885 1757 993 1818 per
1014 1741 1241 1799 viscera
1265 1741 1512 1800 concitat
1541 1759 1705 1802 auras
1720 1787 1739 1821 ‚

369 1840 515 1902 quae
543 1821 842 1882 tremulum
869 1822 1081 1883 faciunt
1107 1824 1377 1883 memhris
1408 1825 1661 1885 existere
1683 1836 1914 1887 motum.

367 1917 425 1967 at
451 1916 647 1967 natura
672 1906 842 1967 boum
872 1905 1101 1987 placido
1122 1909 1304 1986 magis
1334 1915 1470 1970 aere
1494 1910 1668 1988 vivit,

368 2009 482 2051 nec
500 1992 664 2052 nimis
688 1992 788 2051 irai
811 1991 908 2051 fax
933 2010 1193 2071 umquam
1225 1992 1448 2054 subdita
1474 1996 1662 2073 percit

367 2073 608 2152 fumida,
634 2075 966 2137 suffundens
1001 2093 1213 2137 caecae
1244 2076 1501 2154 caliginis
1524 2078 1718 2138 umbra
1735 2125 1753 2156 ,

238 2169 344 2224 305
367 2177 479 2219 nec
501 2158 711 2237 gelidis
732 2170 926 2240 torpet
946 2159 1082 2221 telis
1108 2161 1324 2238 perfixa
1350 2164 1578 2241 pavoris
1596 2208 1614 2240 ‚

367 2245 754 2322 interutraque
778 2254 938 2305 secat
963 2263 1171 2305 cervos
1194 2262 1521 2325 saevosque
1543 2244 1765 2307 leones.

368 2329 455 2390 sic
475 2325 759 2387 hominum
780 2346 966 2407 genus
997 2338 1106 2389 est.
1145 2331 1402 2408 quamvis
1427 2329 1680 2391 doctrina
1706 2329 1916 2409 politos

247 2484 251 2490 Ι
372 2412 679 2472 constituat
698 2414 913 2492 pariter
934 2412 1209 2493 quosdam
1225 2458 1243 2490 ‚
1271 2423 1459 2474 tamen
1481 2413 1578 2474 illa
1598 2413 1866 2493 relinquit

366 2504 598 2557 naturae
622 2497 900 2575 cuiusque
924 2498 1088 2557 animi
1117 2498 1362 2574 vestigia
1383 2500 1578 2577 prima.

239 2588 347 2643 310
365 2598 477 2641 nec
498 2578 768 2640 radicitus
795 2579 971 2640 evelli
996 2579 1142 2641 mala
1165 2598 1345 2660 posse
1371 2581 1766 2660 putandumst,

367 2665 502 2744 quin
524 2662 840 2743 proclivius
862 2663 958 2724 hic
979 2666 1091 2724 iras
1115 2665 1380 2725 decurrat
1402 2665 1474 2726 ad
1495 2667 1644 2726 acris
1660 2711 1678 2744 ,

364 2747 469 2809 ille
494 2757 650 2809 metu
680 2750 847 2809 citius
871 2747 1042 2828 paulo
1065 2757 1377 2828 temptetur
1392 2795 1410 2827 ‚
1436 2747 1613 2809 atille

366 2834 570 2893 tertius
592 2834 839 2912 accipiat
862 2831 1137 2912 quaedam
1160 2832 1498 2893 clementius
1520 2851 1727 2911 aequo.

364 2917 541 2994 inque
561 2915 688 2977 aliis
710 2916 886 2977 rebus
908 2914 1099 2977 multis
1122 2915 1354 2978 differre
1382 2926 1691 2978 necessest

237 3007 342 3064 315
361 3008 587 3061 naturas
610 2999 897 3060 hominum
916 3002 1100 3061 varias
1122 3017 1430 3079 moresque
1453 3002 1751 3080 sequacis;

369 3101 610 3163 quorum
632 3101 748 3162 ego
769 3102 920 3144 nunc
947 3101 1177 3164 nequeo
1211 3102 1418 3146 caecas
1442 3102 1739 3163 exponere
1772 3102 1971 3146 causas
1988 3131 2009 3164 ,

364 3185 479 3229 nec
498 3169 757 3246 reperire
781 3168 1081 3245 figurarum
1101 3177 1188 3229 tot
1210 3170 1433 3228 nomina
1456 3178 1595 3248 quot
1616 3177 1748 3230 sunt

368 3251 663 3328 principiis
679 3295 697 3328 ‚
725 3248 873 3310 unde
893 3251 1039 3312 haec
1058 3254 1238 3312 oritur
1256 3254 1524 3312 variantia
1549 3269 1760 3315 rerum.

367 3331 510 3392 illud
530 3333 587 3392 in
612 3331 700 3393 his
721 3333 896 3393 rebus
925 3333 1127 3395 videor
1148 3336 1367 3396 firmare
1398 3343 1639 3414 potesse
1655 3380 1676 3416 ‚

239 3421 346 3478 ⁸20
371 3432 557 3493 usque
577 3414 724 3475 adeo
746 3424 1063 3477 naturarum
1082 3420 1330 3497 vestigia
1348 3417 1526 3496 linqui
