2409 3825
678 191 804 244 vn.
876 189 1313 243 aemulans.
1358 190 1406 240 s.
1433 189 1482 242 4.
1957 178 2047 247 25

113 325 195 390 ad
238 324 417 410 ,quod
459 326 811 411 gerendum
853 326 991 410 ipse
1034 326 1162 390 dux
1214 326 1494 392 delectus
1538 330 1652 413 est,
1693 329 1822 395 duo
1864 349 2045 414 prae-

111 415 291 474 terea
345 408 630 495 collegae
685 409 849 495 dati,
905 409 1127 476 Nicias
1183 415 1250 474 et
1301 409 1678 478 Lamachus.
1774 411 1843 477 id
1896 434 2042 505 Q
2069 428 2107 477 2
2160 410 2218 463 „s

113 496 564 578 apparui-etur,
631 494 810 578 prius
866 514 1064 578 quam
1117 493 1337 558 elassis
1390 494 1623 579 exiret,
1691 496 1922 561 accidit
1961 503 2048 571 ,ut

111 599 247 643 una
287 580 481 643 nocte
524 598 747 644 omnes
776 577 1054 662 hermae,
1098 577 1212 663 qui
1255 578 1326 643 in
1356 578 1593 663 oppido
1637 584 1821 645 erant
1847 581 2046 645 Athe-

109 660 991 811 ῗᾶαέἔῖἑιῳθῖωηὲηὲἷῗ
1017 683 1247 829 ξὲεἳὲἒ
1334 663 2051 814 ωᾲῗὲῗέἑεἭοῖῖἓῖ

112 829 436 896 vocitatus
480 833 594 896 est.
730 822 807 920 οᾲ
845 851 994 921 Q
1048 833 1386 914 appareret
1424 852 1562 898 non
1613 831 1753 897 sine
1805 852 2044 919 magna
2070 846 2110 896 3
2160 851 2196 880 ν
2249 834 2301 881 ὲ

112 913 473 979 multorum
538 915 960 980 consensione
1024 934 1159 978 esse
1221 914 1465 980 factum
1474 964 1494 999 ,
1550 936 1713 999 quae
1777 937 1912 981 non
1965 919 2048 982 ad

112 997 467 1083 privatam,
523 999 634 1063 sed
673 997 755 1063 ad
794 998 1118 1082 publicam
1158 1018 1297 1064 rem
1338 999 1718 1085 pertineret,
1773 1020 2047 1087 magnus

112 1080 519 1149 multitudini
545 1083 743 1148 timor
780 1085 878 1148 est
914 1082 1219 1165 iniectus,
1273 1104 1357 1147 ne
1402 1105 1529 1167 qua
1569 1085 1905 1168 repentina
1947 1085 2050 1150 vis

110 1167 181 1230 in
228 1166 491 1239 civitate
532 1167 851 1251 existeret,
895 1187 1058 1251 quae
1099 1165 1462 1235 libertatem
1505 1169 1895 1266 opprimeret
1980 1190 2047 1235 o-

111 1250 276 1334 puli.
313 1249 490 1315 vhoe
545 1251 823 1333 maxime
864 1251 1208 1316 convenire
1251 1251 1321 1315 in
1363 1250 1762 1317 Alcibiadem
1789 1252 1934 1317 vide
1979 1276 2043 1318 a·
2071 1267 2113 1315 4-

28 1338 29 1341 ’
112 1339 242 1417 tur,
289 1332 467 1418 quod
493 1336 560 1399 et
632 1335 915 1400 otentior
941 1338 1008 1399 et
1044 1335 1253 1399 maior
1280 1356 1474 1419 quam
1501 1337 1789 1419 privatus
1833 1337 2045 1402 existi-

111 1419 443 1487 mabatur:
486 1440 554 1483 m
622 1422 725 1484 tos
768 1419 942 1485 enim
967 1418 1356 1484 liberalitate
1396 1417 1786 1503 devinxerat,
1828 1420 2046 1504 plures

113 1502 314 1569 etiam
357 1522 553 1586 opera
605 1502 850 1568 forensi
900 1523 1051 1568 suos
1092 1502 1469 1568 reddiderat.
1575 1525 1704 1589 qua
1737 1526 1806 1569 re
1847 1504 2043 1570 fiebat
2068 1517 2108 1569 5

115 1591 189 1653 ut
233 1587 527 1653 omnium
556 1587 796 1671 oeulos,
841 1586 1025 1671 quoti
1103 1592 1417 1675 §eumque
1444 1587 1517 1652 in
1543 1588 1873 1672 publicum
1899 1609 2047 1673 pro·
2145 1570 2196 1617 7

115 1671 347 1754 disset,
404 1669 487 1737 ad
529 1692 597 1736 se
639 1664 1011 1736 converteffi
1078 1670 1290 1756 neque
1335 1672 1395 1738 ei
1481 1692 1555 1736 ar
1595 1672 1933 1756 quisquam
1973 1673 2047 1737 in

28 1842 33 1849 ,
117 1756 383 1823 civitate
436 1758 802 1852 poneretur.
909 1755 1127 1902 itaque
1179 1777 1318 1820 non
1369 1777 1440 1820 so
1468 1777 1579 1821 um
1619 1776 1801 1843 spem
1852 1756 1924 1820 in
1966 1778 2044 1821 eo
2150 1793 2154 1797 ·

113 1839 446 1907 habebant
496 1858 872 1924 maximam,
924 1860 994 1904 se
1101 1840 1298 1906 etiam
1350 1840 1677 1925 timorem,
1741 1838 1913 1925 quod
1980 1844 2046 1905 et

28 1989 31 2002 .
117 1925 340 1992 obesse
383 1924 734 2009 plurimum
778 1928 844 1989 et
883 1924 1182 2008 prodesse
1224 1927 1497 2010 poterat.
1585 1923 2042 2012 aspergebatur
2069 1940 2110 1990 e

28 2051 31 2076 ;
117 2009 311 2076 etiam
349 2007 649 2094 infamia,
707 2007 881 2093 quod
933 2009 1004 2073 in
1059 2007 1249 2074 domo
1306 2030 1424 2074 sua
1473 2009 1684 2074 facere
1741 2011 2046 2094 mysteria

28 2137 29 2140 =
62 2137 73 2152 .
117 2092 475 2160 dicebatur:
533 2091 706 2177 quod
747 2092 932 2158 nefas
972 2096 1111 2158 erat
1151 2114 1330 2158 more
1372 2092 1899 2178 Atheniensium,
1951 2094 2043 2156 id-

117 2188 241 2276 que
282 2198 423 2244 non
463 2176 546 2242 ad
585 2175 997 2262 religionem,
1052 2175 1165 2242 sed
1219 2176 1302 2243 ad
1354 2177 1863 2244 coniurationem
1904 2198 2045 2263 per·

28 2273 31 2320 ss
115 2265 323 2328 tmere
364 2260 865 2326 existimabatur.

281 2343 430 2412 Hoc
472 2344 738 2410 erimine
790 2345 863 2410 in
906 2345 1207 2411 contione
1250 2346 1334 2410 ab
1381 2345 1660 2411 inimicis
1703 2345 2040 2430 compella·
2072 2349 2122 2415 4

28 2427 29 2438 ’
119 2431 323 2497 batur.
413 2428 526 2496 sed
565 2429 852 2495 instabat
890 2432 1143 2513 tempus
1185 2428 1269 2494 ad
1308 2430 1552 2494 bellum
1578 2427 2041 2513 proficiscendi.

28 2559 31 2588 ς
114 2512 183 2580 id
233 2512 346 2580 ille
389 2512 650 2580 intuens
690 2534 737 2578 n
820 2533 900 2577 ue
941 2513 1251 2599 ignorans
1295 2513 1533 2577 civium
1573 2533 1837 2577 suorum
1894 2534 2043 2577 eon·

28 2649 29 2674 2
116 2596 525 2666 suetudinem
586 2600 778 2681 postu
842 2598 984 2681 bat,
1053 2596 1109 2661 si
1204 2595 1317 2660 uid
1372 2594 1449 2660 de
1502 2616 1573 2661 se
1623 2596 1733 2680 agi
1783 2595 2043 2679 vellent,

27 2683 35 2750 '.
117 2682 334 2778 potius
377 2681 456 2745 de
483 2684 819 2777 praesente
862 2680 1151 2765 quaestio
1234 2679 1549 2762 aberetur,
1592 2701 1786 2763 quam
1815 2679 2043 2744 absens

117 2765 401 2832 mvidiae
430 2765 696 2832 erimine
725 2768 1144 2830 accusaretur.
1218 2764 1464 2829 inimici
1505 2784 1657 2827 vero
1703 2762 1839 2828 eius
1866 2763 2040 2846 quie·
2068 2775 2108 2826 2

118 2849 424 2918 soendum
464 2849 535 2916 in
574 2850 929 2933 praesenti,
983 2848 1136 2933 quia
1175 2848 1396 2913 noceri
1439 2847 1499 2912 ei
1539 2868 1677 2912 non
1717 2868 1905 2932 posse
1948 2848 2044 2912 in·

28 3001 29 3006 ,
116 2933 541 3019 tellegebant,
598 2936 665 2998 et
717 2933 880 2999 illud
919 2936 1172 3017 tempus
1218 2931 1711 3016 exspectandum
1756 2931 2044 2999 deereve-

28 3011 29 3022 ’
69 3094 72 3097 ,
116 3022 287 3102 runt,
332 3038 463 3101 quo
508 3017 759 3102 exisset,
804 3020 878 3082 ut
904 3018 1235 3082 absentem
1264 3015 1781 3114 aggrederentur,
1824 3016 2042 3100 itaque

116 3100 428 3168 fecerunt.
526 3122 679 3168 nam
742 3104 1085 3185 postquam
1134 3100 1208 3166 in
1271 3098 1557 3166 Siciliam
1621 3120 1767 3164 eum
1868 3120 2041 3165 erve-
2068 3110 2106 3161 3

115 3185 287 3256 nisse
346 3182 783 3274 erediderunt,
847 3185 1176 3268 absentem
1189 3233 1211 3269 ,
1275 3183 1448 3268 quod
1490 3204 1671 3249 saera
1722 3182 1829 3249 vio
1958 3187 2044 3267 et,

116 3290 298 3338 reum
338 3268 652 3338 feserunt.
752 3290 881 3353 qua
932 3268 1011 3334 de
1063 3289 1134 3333 re
1184 3289 1335 3368 gum
1389 3269 1450 3332 ei
1501 3267 1768 3332 nuntius
1822 3289 1862 3332 a
1912 3288 2045 3332 ma·
2165 3251 2214 3277 Ψ

118 3353 394 3438 gistratu
435 3352 508 3422 in
534 3350 823 3422 Siciliam
863 3372 1109 3435 missus
1136 3354 1441 3435 assertant
1475 3351 1737 3416 domum
1778 3350 1861 3416 ad
1899 3369 2046 3414 eau-

116 3458 253 3506 sam
298 3435 646 3524 ‘dicendam
686 3432 973 3520 redires}
1007 3439 1299 3518 essetque
1341 3434 1413 3499 in
1454 3433 1693 3518 magna
1744 3453 1857 3516 spe
1898 3449 2047 3515 pro·

2123 3337 2190 3382 “c-2·
