2409 3825
250 146 337 211 80
1216 146 1298 207 111

418 315 714 396 particulis
737 312 991 376 animas?
1019 325 1074 376 at
1099 334 1168 376 ea
1191 317 1407 375 ratione
1440 324 1716 394 sequetur

351 412 354 416 ·
419 420 583 462 unam
607 401 946 462 animantem
970 400 1183 461 animas
1209 399 1556 459 habuissem
1584 417 1831 478 corpore
1853 400 2082 463 multas.

287 495 391 552 665
413 503 556 564 ergo
581 486 814 546 divisast
844 501 913 544 ea
944 501 1088 563 quae
1112 484 1216 543 fuit
1241 502 1346 543 una
1369 482 1534 544 simul
1566 502 1695 543 cum

421 587 697 649 corpore;
728 579 1079 649 quapropter
1100 567 1339 628 mortale
1363 577 1662 647 utrumque
1692 568 2093 649 putandumst,

422 657 477 714 in
502 654 712 716 multas
738 655 998 733 quoniam
1022 654 1197 732 partis
1228 652 1522 712 disciditur
1548 670 1754 731 aeque.

503 739 808 800 Praeterea
832 740 880 799 si
907 736 1216 798 inmortalis
1239 746 1433 799 natura
1453 739 1655 797 animai

421 834 644 885 constat
669 832 726 883 et
750 823 808 881 in
830 839 1041 901 corpus
1069 821 1438 882 nascentibus
1460 823 1769 901 insinuatur
1785 867 1803 899 ,

291 917 400 972 670
421 928 523 969 cur
552 926 728 986 super
755 917 887 967 ante
908 915 1088 966 actam
1110 916 1359 966 aetatem
1380 908 1706 968 meminisse
1730 909 2031 985 nequimus
2045 951 2065 986 ,

418 1012 531 1052 nec
553 993 797 1069 vestigia
818 1000 1106 1069 gestarum
1134 1009 1326 1051 rerum
1354 989 1469 1050 ulla
1490 987 1795 1052 tenemus?

418 1096 545 1137 nam
575 1078 623 1136 si
644 1085 799 1136 tanto
823 1084 1059 1155 operest
1080 1077 1247 1135 animi
1267 1084 1476 1135 mutata
1506 1085 1812 1154 potestas,

420 1163 602 1220 omnis
630 1170 691 1220 ut
721 1169 972 1220 actarum
996 1160 1275 1220 exciderit
1299 1162 1602 1219 retinentia
1623 1178 1811 1220 rerum
1826 1205 1845 1237 ,

420 1262 533 1305 non
550 1291 568 1323 ,
597 1254 657 1304 ut
687 1247 922 1324 opinor,
947 1244 1004 1304 id
1025 1263 1058 1305 a
1078 1243 1197 1304 leto
1221 1246 1330 1304 iam
1356 1243 1607 1322 longiter
1629 1253 1811 1313 errat;

294 1337 399 1394 675
421 1340 774 1410 quapropter
794 1329 1007 1390 fateare
1038 1337 1341 1389 necessest
1367 1329 1638 1407 quaefuit
1662 1338 1791 1390 ante

419 1417 705 1475 interiisse
724 1460 742 1492 ,
775 1424 835 1474 et
857 1433 1000 1492 quae
1025 1432 1173 1472 nunc
1199 1422 1288 1473 est
1319 1432 1469 1472 nunc
1495 1432 1629 1473 esse
1663 1421 1927 1473 creatam.

503 1498 808 1559 Praeterea
840 1500 887 1559 si
917 1501 1025 1557 iam
1050 1497 1316 1578 perfecto
1343 1515 1589 1575 corpore
1614 1497 1779 1558 nobis

421 1583 614 1644 inferri
645 1582 868 1645 solitast
889 1584 1055 1644 animi
1078 1583 1265 1642 vivata
1289 1591 1548 1660 potestas

417 1677 536 1728 tum
562 1686 689 1728 cum
711 1669 995 1747 gignimur
1019 1676 1076 1726 et
1099 1669 1250 1727 vitae
1278 1685 1407 1726 cum
1429 1665 1602 1725 limen
1625 1667 1860 1743 inimus,

283 1760 392 1815 680
411 1751 559 1812 haud
582 1755 657 1813 ita
687 1753 1063 1813 conveniebat
1085 1754 1163 1811 uti
1191 1769 1319 1811 cum
1344 1760 1590 1828 corpore
1621 1762 1679 1811 et
1706 1767 1815 1809 una

421 1855 548 1897 cum
578 1838 848 1897 membris
876 1836 1133 1895 videatur
1155 1838 1212 1894 in
1234 1836 1362 1915 ipso
1390 1836 1662 1913 sanguine
1689 1853 1886 1895 cresse
1905 1880 1926 1916 ,

421 1921 525 1982 sed
553 1919 790 1980 velutin
815 1938 989 1981 cavea
1012 1938 1117 1999 per
1139 1941 1202 1981 se
1235 1921 1343 1981 sibi
1371 1922 1568 1980 vivere
1593 1921 1788 1980 solam.

423 2006 717 2085 [convenit
741 2015 802 2066 ut
830 2023 1002 2065 sensu
1033 2022 1245 2082 corpus
1271 2016 1458 2065 tamen
1480 2003 1674 2066 affluat
1699 2004 1891 2084 omne]

422 2089 574 2169 quod
599 2088 720 2149 fieri
739 2099 919 2150 totum
946 2099 1140 2150 contra
1167 2089 1466 2149 manifesta
1490 2089 1662 2150 docet
1684 2108 1810 2149 res.
1860 2129 1863 2130 ν

291 2181 394 2236 685
418 2191 660 2251 namque
684 2175 758 2233 ita
782 2173 1004 2234 conexa
1027 2183 1117 2234 est
1142 2192 1251 2260 per
1271 2192 1449 2234 venas
1471 2174 1697 2236 viscera
1716 2191 1929 2233 nervos

421 2276 702 2336 ossaque,
729 2260 807 2317 uti
832 2258 1037 2320 dentes
1063 2277 1294 2337 quoque
1321 2277 1494 2320 sensu
1518 2261 1958 2358 participantum

418 2359 643 2401 morsus
666 2350 723 2401 ut
748 2342 989 2420 indicat,
1017 2352 1076 2403 et
1099 2342 1312 2442 gelidai
1336 2344 1583 2420 stringor
1604 2344 1802 2422 aquai,

424 2435 482 2486 et
510 2425 657 2503 lapis
682 2443 1032 2506 oppressus,
1064 2429 1235 2488 subiit
1261 2427 1309 2487 si
1333 2446 1367 2487 e
1397 2425 1658 2505 frugibus
1679 2473 1697 2505 ,
1727 2446 1917 2507 asper.

422 2529 595 2588 quare
621 2513 787 2571 etiam
811 2522 982 2590 atque
1013 2513 1181 2572 etiam
1211 2530 1402 2589 neque
1431 2513 1666 2589 originis
1692 2531 1827 2572 esse
1850 2511 2237 2592 putandumst

291 2601 398 2657 690
420 2596 676 2671 expertis
699 2597 910 2660 animas
933 2615 1042 2656 nec
1067 2595 1167 2656 leti
1189 2596 1327 2674 lege
1352 2595 1600 2657 solutas:

418 2697 546 2739 nam
566 2698 756 2758 neque
781 2688 938 2740 tanto
969 2698 1150 2759 opere
1175 2681 1402 2741 adnecti
1426 2682 1685 2761 potuisse
1711 2680 2077 2761 putandumst

422 2764 764 2841 corporibus
793 2768 1003 2826 nostris
1030 2767 1391 2825 extrinsecus
1413 2767 1757 2843 insinuataS,

417 2866 563 2925 nec,
587 2858 701 2908 tam
725 2858 1030 2908 contextae
1064 2867 1192 2909 cum
1223 2850 1368 2927 sint,
1403 2849 1563 2909 exire
1587 2849 1852 2911 videntur

417 2930 736 2991 incolumes
761 2949 937 3009 posse
964 2942 1022 2992 et
1046 2932 1233 2993 salvas
1257 2932 1566 2996 exsolvere
1598 2954 1732 2995 sese

290 3023 394 3078 695
419 3016 679 3075 omnibus
703 3035 736 3075 e
761 3018 952 3077 nervis
974 3025 1142 3096 atque
1168 3017 1399 3077 ossibus
1419 3017 1811 3097 articulisque.

417 3099 570 3178 quod
600 3101 645 3158 si
671 3099 822 3160 forte
849 3111 1013 3199 putas
1038 3104 1401 3162 extrinsecus
1425 3105 1757 3163 insinuatam

419 3200 750 3260 permanare
775 3186 1011 3243 animam
1039 3186 1204 3246 nobis
1231 3204 1337 3264 per
1360 3187 1612 3246 membra
1637 3186 1864 3253 solere.

418 3276 573 3326 tanto
605 3269 815 3345 quique
840 3271 1021 3345 magis
1053 3289 1180 3329 cum
1215 3287 1460 3348 corpore
1489 3270 1616 3331 fusa
1642 3272 1881 3350 peribit

420 3349 572 3428 quod
597 3360 889 3426 permanat
913 3354 1059 3411 enim
1087 3352 1445 3431 dissolvitur,
1477 3356 1669 3416 interit
1695 3373 1855 3434 ergo.

219 3465 258 3485 -
290 3438 396 3496 700
417 3433 749 3512 dispertitus
778 3436 926 3493 enim
955 3452 1061 3512 per
1084 3436 1277 3497 caulas
1302 3440 1565 3517 corporis
1589 3441 1771 3502 omnis

1105 3569 1136 3592 ὶ-ε,
