2409 3825
234 167 322 236 76
1207 168 1286 226 111

400 337 618 401 addere
642 339 792 400 enim
814 338 992 415 partis
1009 347 1107 397 aut
1132 336 1330 413 ordine
1348 338 1630 397 traiecere
1659 348 1920 399 aecumst

400 433 500 485 aut
520 421 733 502 aliquid
756 439 992 500 prosum
1016 421 1089 480 de
1110 439 1323 481 summa
1348 420 1649 483 detrahere
1672 420 1847 481 hilum
1862 469 1881 497 ,

405 517 755 569 commutare
774 508 1017 566 animum
1041 506 1382 583 quicumque
1405 504 1657 565 adoritur
1681 515 1740 565 et
1762 507 1881 566 infit

401 601 496 652 aut
518 589 682 651 aliam
708 591 964 669 quamvis
986 598 1240 648 naturam
1270 588 1510 649 flectere
1533 591 1772 669 quaerit.

275 685 379 740 ⁵15
406 686 463 736 at
486 693 677 754 neque
703 675 998 737 transferri
1022 672 1131 734 sibi
1153 674 1332 750 partis
1356 692 1466 733 nec
1487 673 1657 733 tribui
1678 673 1803 734 vult

401 758 701 820 inmortale
730 757 883 838 quod
910 766 1000 818 est
1022 758 1325 835 quicquam
1348 775 1540 835 neque
1568 757 1823 818 defluere
1847 758 2053 821 hilumz

402 861 532 905 nam
555 841 956 922 quodcumque
979 844 1098 901 suis
1118 849 1391 900 mutatum
1413 842 1619 903 finibus
1643 845 1795 919 exit,

407 928 678 989 continuo
701 925 817 986 hoc
847 943 1000 986 mors
1034 932 1123 987 est
1146 922 1303 986 illius
1327 925 1480 1003 quod
1503 925 1608 985 fuit
1631 936 1782 987 ante.

404 1028 549 1089 ergo
571 1012 790 1072 animus
818 1010 941 1071 sive
959 1010 1258 1087 aeg-rescit
1272 1054 1290 1085 ‚
1313 1008 1571 1071 mortalia
1595 1012 1757 1088 signa

273 1104 380 1159 ⁵20
406 1096 575 1157 mittit
592 1140 612 1174 ,
640 1096 724 1156 nti
752 1093 956 1171 docui,
982 1112 1088 1155 seu
1117 1093 1369 1153 flectitur
1389 1111 1423 1154 a
1444 1095 1742 1155 medicina.

403 1198 588 1259 usque
612 1180 758 1241 adeo
781 1178 960 1240 falsae
990 1179 1193 1238 rationi
1213 1195 1351 1237 vera
1373 1178 1602 1239 videtur

402 1283 503 1326 res
532 1280 843 1326 occurrere
876 1272 935 1324 et
958 1262 1233 1340 effugium
1254 1261 1634 1340 praecludere
1663 1266 1850 1341 eunti,

400 1350 750 1428 ancipitique
782 1348 1028 1408 refutatu
1054 1347 1400 1408 convincere
1424 1346 1647 1409 falsum.

487 1432 752 1512 Denique
775 1450 953 1510 saepe
977 1431 1263 1492 hominem
1284 1430 1550 1509 paulatim
1575 1433 1855 1493 cernimus
1883 1434 1969 1493 ire

271 1526 376 1580 525
406 1528 465 1579 et
492 1519 845 1578 membratim
872 1516 1104 1576 vitalem
1124 1515 1448 1595 deperdere
1471 1535 1728 1583 sensum

402 1605 458 1662 in
485 1602 730 1682 pedibus
754 1604 995 1681 primum
1018 1601 1232 1678 digitos
1253 1597 1544 1661 livescere
1569 1611 1626 1662 et
1648 1603 1853 1678 unguis
1870 1649 1888 1678 ‚

399 1687 532 1748 inde
556 1687 740 1766 pedes
766 1696 826 1746 et
858 1703 1022 1745 crura
1048 1687 1230 1762 mori,
1262 1694 1395 1763 post
1416 1685 1546 1763 inde
1570 1704 1678 1764 per
1709 1695 1863 1745 artus

398 1774 483 1831 ire
512 1770 658 1831 alios
681 1772 905 1831 tractim
926 1769 1103 1847 gelidi
1123 1771 1370 1846 vestigia
1400 1768 1520 1830 leti.

403 1856 679 1918 scinditur
698 1873 885 1934 aeque
913 1858 1132 1916 animae
1160 1853 1309 1915 haec
1335 1856 1597 1932 quoniam
1618 1864 1813 1915 natura
1836 1874 1944 1916 nec
1968 1873 2084 1917 uno

271 1949 377 2004 530
404 1950 668 2018 tempore
692 1941 912 1999 sincera
947 1941 1179 2016 existit,
1204 1938 1461 2001 mortalis
1486 1939 1818 2002 habendast.

402 2023 555 2104 quod
587 2026 633 2084 si
657 2024 806 2082 forte
829 2034 996 2101 putas
1018 2026 1199 2102 ipsam
1223 2042 1289 2083 se
1311 2040 1490 2102 posse
1512 2042 1620 2103 per
1639 2033 1793 2084 artus

399 2111 675 2168 introsum
700 2107 927 2167 trahere
948 2117 1007 2167 et
1029 2108 1207 2186 partis
1237 2107 1565 2169 conducere
1588 2110 1644 2168 in
1665 2126 1835 2167 unum

399 2202 571 2270 atque
592 2191 726 2251 ideo
750 2194 970 2252 cunctis
993 2210 1227 2253 sensum
1249 2192 1540 2253 deducere
1562 2193 1832 2253 membris
1848 2239 1865 2270 ‚

399 2285 456 2335 at
479 2276 645 2335 locus
666 2275 765 2335 ille
794 2286 982 2335 tamen
1000 2321 1018 2353 ‚
1049 2294 1162 2358 quo
1188 2278 1356 2356 copia
1379 2286 1531 2337 tanta
1558 2279 1762 2337 animai

271 2370 376 2424 535
403 2361 630 2438 cogitur
644 2405 663 2436 ‚
687 2362 745 2418 in
767 2378 942 2421 sensu
965 2361 1139 2423 debet
1166 2364 1382 2422 maiore
1404 2362 1586 2421 videri
1606 2384 1619 2428 ;

401 2447 496 2523 qui
523 2447 785 2522 quoniam
807 2455 1173 2524 nusquamst,
1195 2447 1486 2523 nimirum,
1510 2456 1572 2505 ut
1599 2446 1838 2507 diximus
1865 2455 2031 2524 ante,

400 2527 659 2589 dilaniata
688 2529 842 2589 foras
866 2530 1244 2611 dispargitur,
1274 2532 1468 2591 interit
1496 2547 1657 2607 ergo.

402 2615 536 2692 quin
566 2616 735 2674 etiam
766 2616 813 2675 si
842 2615 951 2675 iam
975 2613 1154 2675 libeat
1180 2613 1508 2675 concedere
1539 2613 1777 2691 falsum,

399 2710 457 2758 et
487 2698 620 2758 dare
650 2692 828 2777 posse
848 2701 1088 2759 animam
1109 2698 1418 2776 glomerari
1441 2699 1500 2758 in
1522 2716 1772 2778 corpore
1795 2716 2029 2776 eorum,

271 2792 377 2845 540
403 2783 611 2842 lumina
633 2784 731 2860 qui
757 2783 972 2844 lincunt
1000 2782 1318 2843 moribundi
1351 2782 1761 2863 particulatim,

398 2866 697 2926 mortalem
720 2876 908 2927 tamen
938 2884 1076 2929 esse
1097 2869 1339 2928 animam
1360 2869 1580 2928 fateare
1610 2887 1861 2928 necesse
1876 2913 1895 2943 ,

397 2970 510 3010 nec
533 2950 713 3010 refert
736 2961 919 3011 utrum
941 2961 1148 3031 pereat
1171 2950 1434 3031 dispersa
1459 2968 1567 3029 per
1593 2969 1760 3012 auras

368 3043 467 3095 'an
499 3045 787 3095 contracta
820 3038 938 3097 suis
961 3056 996 3097 e
1024 3037 1285 3117 partibus
1312 3037 1719 3113 obbrutescat‚

399 3119 623 3197 quando
646 3119 927 3180 hominem
947 3130 1127 3180 totum
1149 3123 1333 3198 magis
1358 3138 1429 3181 ac
1454 3123 1638 3199 mag-is
1660 3120 1907 3201 undique
1937 3140 2149 3183 sensns

268 3211 373 3264 545
404 3205 596 3262 deficit
625 3212 685 3261 et
714 3205 862 3263 vitae
886 3207 1069 3265 minus
1097 3215 1155 3266 et
1176 3207 1362 3266 minus
1382 3206 1633 3285 undique
1655 3215 1853 3268 restat.

485 3285 557 3345 Et
589 3288 849 3363 quoniam
880 3306 1041 3349 mens
1070 3298 1163 3348 est
1190 3287 1436 3350 hominis
1463 3307 1597 3368 pars
1620 3307 1761 3367 una,
1785 3288 1921 3351 loco
1945 3310 2099 3369 quae

399 3371 506 3429 fixa
532 3380 722 3428 manet
751 3379 913 3428 certo
929 3416 946 3445 ‚
971 3371 1130 3431 velut
1150 3390 1322 3433 aures
1342 3382 1516 3451 atque
1544 3374 1700 3433 oculi
1721 3384 1850 3434 sunt
2148 3381 2155 3388 ‘

395 3464 566 3530 atque
594 3452 687 3510 alii
711 3471 918 3512 sensus
947 3456 1041 3531 qui
1063 3458 1235 3516 vitam
1266 3474 1511 3534 cumque
1539 3459 1890 3534 gubernant,
