2409 3825
257 223 346 287 50
1241 225 1295 284 11

299 400 404 458 710
429 394 656 454 scilicet
672 439 690 472 ‚
714 393 771 453 id
801 403 956 454 certa
979 393 1100 452 lieri
1122 394 1341 453 ratione
1368 402 1690 452 necessust.

424 495 552 538 nam
574 474 681 539 sua
701 479 905 556 cuique
934 477 1077 536 cibis
1104 494 1180 536 ex
1203 475 1462 536 omnibus
1485 477 1633 536 intus
1660 477 1716 534 in
1741 487 1894 536 artus

427 579 672 641 corpora
697 560 994 621 discedunt
1021 578 1355 639 conexaque
1389 561 1779 621 convenientis

427 647 681 706 efficiunt
702 654 919 705 motus:
946 654 1000 704 at
1025 654 1221 704 contra
1249 645 1431 703 aliena
1458 644 1714 704 videmus

425 733 651 791 reicere
673 731 730 788 in
755 739 936 789 terras
960 736 1210 787 naturam
1227 773 1244 805 ‚
1269 728 1556 807 multaque
1582 731 1773 790 caecis

298 818 400 878 715
426 814 765 893 corporibus
787 813 1009 891 fugiunt
1034 832 1067 871 e
1096 830 1341 891 corpore
1359 860 1376 890 ‚
1409 812 1628 890 percita
1653 811 1838 892 plagis
1857 859 1874 890 ‚

426 918 572 977 quae
592 916 782 975 neque
809 898 1035 957 conecti
1067 913 1349 975 quoquam
1379 906 1622 975 potuere
1648 915 1836 977 neque
1869 900 1924 956 in
1952 917 2022 958 se

423 981 609 1042 vitalis
632 991 818 1041 motus
843 983 1169 1041 consentire
1192 990 1362 1058 atque
1387 982 1604 1040 imitari.

425 1066 532 1126 sed
558 1085 630 1125 ne
658 1065 808 1125 forte
839 1075 1007 1143 putes
1039 1063 1295 1124 animalia
1321 1063 1447 1125 sola
1468 1067 1650 1124 teneri

424 1150 650 1228 legibus
677 1150 838 1210 hisce
855 1194 872 1226 ‚
896 1148 1095 1208 eadem
1123 1151 1266 1209 ratio
1291 1148 1638 1209 disterminat
1661 1165 1845 1207 omne.

295 1240 399 1296 720
420 1251 546 1292 nam
566 1233 743 1293 veluti
766 1241 884 1293 tota
905 1242 1098 1293 natura
1121 1232 1424 1292 dissimiles
1450 1243 1581 1293 sunt

420 1320 569 1377 inter
595 1336 660 1377 se
685 1319 910 1395 genitae
933 1337 1030 1378 res
1057 1335 1318 1397 quaeque
1335 1364 1353 1394 ,
1380 1319 1457 1377 ita
1481 1334 1758 1397 quamque
1783 1325 2095 1377 necessest

422 1402 676 1462 dissimili
702 1411 964 1462 constare
990 1402 1168 1478 figura
1191 1403 1626 1480 principiorum3

419 1504 532 1545 non
561 1504 672 1564 quo
698 1486 868 1545 multa
889 1503 1083 1564 parum
1105 1484 1272 1545 simili
1296 1487 1407 1545 sint
1434 1485 1688 1564 praedita
1711 1485 1888 1543 forma
1905 1530 1923 1562 ‚

421 1569 527 1630 sed
556 1572 684 1648 quia
709 1588 821 1629 non
843 1568 1019 1647 volgo
1045 1571 1197 1648 paria
1225 1570 1482 1629 omnibus
1508 1572 1691 1629 omnia
1714 1577 2005 1628 constent:

291 1660 392 1716 725
418 1656 635 1715 semina
665 1672 791 1713 cum
814 1671 985 1732 porro
1017 1653 1259 1729 distent,
1288 1653 1515 1713 differre
1539 1661 1844 1713 necessust

419 1737 746 1815 intervalla,
770 1740 891 1797 vias
909 1783 925 1814 ‚
955 1755 1211 1798 conexus
1231 1783 1248 1813 ,
1277 1737 1561 1816 pondera,
1587 1735 1787 1816 plagas
1804 1783 1822 1813 ,

420 1840 734 1882 concursus
752 1868 768 1898 ‚
794 1831 1011 1891 motus;
1043 1840 1188 1900 quae
1212 1839 1324 1881 non
1349 1822 1601 1880 animalia
1625 1820 1811 1880 solum

421 1924 664 1984 corpora
692 1908 1029 1984 seiungunt,
1061 1907 1168 1967 sed
1190 1916 1372 1967 terras
1397 1925 1464 1966 ac
1490 1924 1644 1966 mare
1674 1914 1852 1965 totum

416 1999 723 2050 secernunt
749 1991 1082 2069 caelumque
1113 2010 1145 2051 a
1167 1993 1334 2051 terris
1360 2009 1525 2051 omne
1554 1998 1855 2050 retentant.

290 2081 394 2136 730
496 2072 549 2132 N
553 2093 661 2135 unc
687 2093 796 2151 age
821 2076 970 2136 dicta
992 2094 1121 2136 meo
1147 2074 1300 2136 dulci
1327 2078 1581 2153 quaesita
1603 2073 1801 2135 labore

413 2161 653 2238 percipe
671 2205 689 2236 ,
712 2178 785 2218 ne
811 2159 961 2219 forte
985 2159 1129 2220 haec
1153 2159 1298 2219 albis
1327 2179 1403 2219 ex
1425 2158 1551 2219 alba
1575 2160 1751 2218 rearis

414 2244 708 2322 principiis
735 2262 901 2320 esse,
927 2254 1056 2304 ante
1087 2243 1290 2304 oculos
1316 2262 1461 2322 quae
1488 2243 1718 2303 candida
1743 2243 1929 2304 cernis
1947 2287 1964 2319 ‚

414 2335 507 2385 aut
533 2345 601 2386 ea
625 2346 769 2404 quae
791 2330 1012 2405 nigrant
1034 2330 1197 2405 nigro
1224 2328 1294 2388 de
1318 2331 1534 2389 semine
1558 2337 1715 2394 nata:

412 2413 542 2470 nive
566 2410 733 2470 alium
757 2414 1012 2489 quemvis
1030 2458 1047 2489 ,
1076 2430 1189 2491 quo
1221 2422 1349 2473 sunt
1374 2412 1565 2471 inbuta
1589 2410 1785 2472 colore
1804 2455 1821 2487 ‚

285 2500 388 2557 735
412 2505 720 2574 propterea
741 2515 950 2572 gerere
977 2496 1127 2557 hunc
1156 2497 1357 2556 credas
1375 2542 1392 2573 ‚
1422 2496 1573 2575 quod
1601 2496 1848 2554 materiai

412 2597 656 2657 corpora
678 2580 955 2639 consimili
977 2583 1088 2641 sint
1120 2583 1243 2641 eius
1266 2583 1441 2640 tincta
1467 2579 1695 2639 colore:

409 2662 598 2724 nullus
622 2666 769 2723 enim
795 2663 956 2724 color
979 2675 1067 2725 est
1090 2667 1314 2725 omnino
1337 2666 1587 2724 materiai

410 2748 748 2826 corporibus
766 2792 783 2824 ‚
809 2767 998 2827 neque
1024 2767 1126 2828 par
1148 2750 1323 2810 rebus
1347 2767 1535 2827 neque
1563 2747 1808 2827 denique
1839 2748 2059 2827 dispar.

406 2833 464 2891 in
488 2851 631 2909 quae
662 2850 904 2910 corpora
933 2835 980 2892 si
1003 2831 1192 2894 nullus
1213 2834 1316 2894 tibi
1340 2832 1489 2894 forte
1519 2833 1743 2893 videtur

281 2920 384 2976 740
409 2932 586 2994 posse
615 2918 779 2975 animi
809 2918 1051 2978 iniectus
1077 2917 1197 2976 lieri
1216 2964 1233 2995 ‚
1260 2916 1463 2997 procul
1490 2917 1647 2976 avius
1673 2934 1847 2977 erras.

405 3017 528 3057 nam
554 3018 679 3059 cum
706 3003 1033 3079 caecigeni‚
1059 3001 1199 3063 solis
1226 3004 1319 3080 qui
1348 3001 1553 3061 lumina
1575 3018 1874 3079 numquam

404 3083 711 3162 dispexere
730 3129 747 3159 ,
786 3094 971 3146 tamen
996 3095 1348 3163 cognoscant
1377 3102 1620 3164 corpora
1642 3094 1793 3145 tactu
1812 3133 1829 3164 ,
1897 3099 1906 3111 ’

403 3169 554 3227 scire
585 3168 724 3227 licet
748 3178 978 3229 nostrae
1009 3188 1239 3250 quoque
1266 3172 1439 3230 menti
1466 3187 1707 3248 corpora
1736 3187 1913 3248 posse

403 3252 551 3308 vorti
576 3253 632 3308 in
655 3252 904 3310 notitiam
928 3253 1084 3315 nullo
1112 3257 1324 3322 circum
1343 3254 1441 3314 lita
1464 3253 1618 3313 fuco.

275 3333 376 3391 745
401 3332 645 3409 denique
668 3335 908 3412 nosipsi
940 3340 1129 3398 caecis
1156 3329 1548 3417 quaecumque
1573 3340 1827 3400 tenebris

401 3416 714 3492 tangimus,
748 3416 894 3476 haud
923 3419 1040 3479 ullo
1067 3424 1340 3482 sentimus
1369 3424 1542 3482 tincta
1569 3418 1786 3483 colore.

408 3497 558 3573 quod
590 3501 852 3576 quoniam
872 3503 1040 3562 vinco
1067 3506 1189 3565 lieri
1207 3553 1224 3584 ‚
1249 3524 1398 3565 nunc
1423 3526 1558 3567 esse
1587 3507 1814 3567 docebo
