2409 3825
244 199 368 264 146
953 228 976 240 -
1214 188 1274 261 v

287 375 391 432 765
415 367 566 448 quod
588 366 775 428 radios
798 369 1165 445 Interrumpat
1192 367 1498 446 lumenque
1523 367 1858 446 profusum?

416 461 473 512 et
498 461 683 510 tamen
705 454 831 530 ipsa
861 468 965 511 suo
989 453 1037 511 si
1061 450 1228 528 fulgit
1254 451 1385 509 luna
1407 454 1590 511 nitore
1610 498 1628 529 ‚

416 553 516 594 cur
537 544 784 613 nequeat
808 543 963 594 certa
987 534 1172 593 mundi
1203 535 1585 611 languescere
1609 546 1772 614 parte
1789 583 1805 612 ‚
1900 533 1919 547 '

415 619 544 677 dum
572 617 700 678 loca
724 617 1023 677 luminibus
1049 620 1296 697 propriis
1320 619 1542 678 inimica
1561 637 1669 697 per
1693 619 1857 680 exit?

501 701 667 774 Quod
690 710 959 779 superest
974 704 1279 779 ,quoniam
1299 704 1485 778 magni
1514 719 1621 780 per
1645 703 1873 764 caerula
1903 704 2097 763 mundi

288 794 391 847 770
418 803 525 864 qua
554 786 673 844 fieri
700 784 966 862 quicquid
991 794 1194 863 posset
1217 787 1433 844 ratione
1456 786 1707 864 resolvi,
2053 813 2061 821 ·

417 868 558 928 solis
581 870 659 927 uti
684 870 872 928 varios
900 886 1099 929 cursus
1121 867 1406 946 lunaeque
1428 879 1645 930 meatus

414 969 662 1012 noscere
689 968 991 1029 possemus
1025 971 1169 1030 quae
1188 955 1275 1012 vis
1301 962 1359 1011 et
1385 970 1555 1013 causa
1579 956 1792 1032 cieret,

418 1053 607 1113 quove
628 1034 796 1095 modo
813 1046 1062 1112 possent
1090 1036 1306 1096 offecto
1331 1035 1539 1095 lumine
1565 1038 1725 1096 obire

416 1127 475 1178 et
497 1134 686 1195 neque
710 1121 987 1197 opinantis
1013 1119 1267 1179 tenebris
1293 1119 1586 1180 obducere
1615 1130 1795 1180 terras
1811 1168 1828 1198 ,

286 1208 387 1264 775
414 1220 540 1262 cum
572 1204 730 1280 quasi
756 1205 1020 1262 conivent
1043 1211 1102 1263 et
1124 1213 1324 1281 aperto
1349 1203 1557 1262 lumine
1582 1222 1802 1264 rursum

415 1287 598 1345 omnia
621 1287 917 1346 convisunt
941 1286 1089 1346 clara
1112 1285 1243 1346 loca
1267 1286 1499 1346 candida
1521 1286 1652 1347 luce
1669 1333 1687 1364 ‚

411 1387 560 1428 nunc
586 1367 764 1428 redeo
794 1369 863 1428 ad
883 1369 1072 1428 mundi
1093 1371 1401 1429 novitatem
1425 1380 1483 1429 et
1505 1370 1697 1431 mollia
1723 1381 1912 1431 terrae

411 1470 542 1511 arva
558 1498 575 1528 ‚
600 1469 751 1512 novo
775 1453 895 1512 fetu
921 1453 1054 1530 quid
1076 1454 1314 1532 primum
1343 1455 1398 1511 in
1419 1453 1639 1513 luminis
1665 1471 1792 1514 oras

356 1584 362 1589 .
412 1535 619 1596 tollere
648 1545 706 1595 et
729 1537 962 1596 incertis
990 1539 1199 1596 crerint
1226 1538 1579 1617 committere
1601 1540 1807 1598 ventis.
1840 1608 1847 1612 ὁ

285 1627 389 1683 780
499 1619 783 1697 Principio
810 1637 992 1697 genus
1015 1619 1316 1679 herbarum
1338 1621 1688 1699 viridemque
1710 1623 1951 1680 nitorem

412 1714 561 1763 terra
592 1702 745 1763 dedit
769 1704 979 1762 circum
1008 1702 1175 1763 collis
1201 1721 1549 1783 camposque
1572 1723 1677 1782 per
1705 1707 1883 1763 omnis
1900 1748 1918 1780 ,

413 1787 609 1846 florida
632 1786 912 1846 fulserunt
938 1786 1196 1846 viridanti
1224 1796 1383 1864 prata
1408 1787 1603 1848 colore
1621 1835 1638 1864 ‚

413 1869 825 1948 arboribusque
853 1870 1093 1930 datumst
1116 1873 1286 1931 variis
1311 1870 1518 1932 exinde
1542 1889 1648 1950 per
1670 1889 1831 1932 auras

414 1953 712 2014 crescendi
734 1970 994 2031 magnum
1015 1955 1261 2014 inmissis
1287 1963 1573 2015 certamen
1602 1956 1855 2015 habenis.

286 2043 387 2100 785
415 2045 475 2095 ut
498 2036 686 2115 pluma
709 2045 877 2115 atque
901 2037 1001 2116 pili
1028 2041 1266 2115 primum
1288 2047 1597 2117 saetaeque
1623 2048 1885 2099 creantur

413 2119 815 2200 quadripedum
838 2122 1102 2181 membris
1128 2131 1185 2181 et
1216 2139 1460 2200 corpore
1485 2124 1984 2200 pennipotentum,

411 2206 498 2263 sic
519 2221 664 2263 nova
689 2212 803 2261 tum
827 2203 999 2264 tellus
1023 2203 1230 2263 herbas
1253 2204 1613 2283 virgultaque
1636 2208 1872 2283 primum

410 2285 669 2361 sustulit,
694 2286 825 2344 inde
849 2285 963 2346 loci
993 2287 1245 2347 mortalia
1267 2287 1461 2347 saecla
1483 2292 1698 2348 creavit

409 2369 582 2428 multa
605 2368 785 2429 modis
808 2370 997 2429 multis
1021 2373 1173 2430 varia
1194 2374 1412 2431 ratione
1441 2381 1652 2444 coorta.

284 2457 387 2515 790
412 2471 536 2513 nam
557 2470 744 2530 neque
771 2452 841 2512 de
867 2452 1030 2514 caelo
1058 2454 1342 2514 cecidisse
1372 2454 1625 2513 animalia
1649 2465 1927 2533 possunt,

406 2556 517 2596 nec
541 2537 832 2596 terrestria
856 2536 926 2595 de
952 2536 1118 2596 salsis
1141 2539 1338 2598 exisse
1364 2536 1611 2597 lacunis:

410 2620 681 2698 linquitur
707 2629 768 2679 ut
789 2622 989 2679 merito
1014 2630 1323 2686 maternum
1343 2637 1548 2680 nomen
1572 2621 1777 2698 adepta

409 2713 559 2763 terra
588 2705 696 2780 sit,
723 2722 756 2763 e
781 2713 930 2763 terra
957 2706 1217 2781 quoniam
1238 2714 1367 2764 sunt
1397 2714 1600 2763 cuncta
1625 2713 1831 2763 creata.

409 2786 694 2865 multaque
722 2805 870 2846 nunc
898 2789 1063 2845 etiam
1088 2790 1338 2846 existunt
1365 2787 1618 2847 animalia
1641 2790 1807 2847 terris
1827 2833 1844 2863 ‚

282 2875 383 2932 795
408 2870 677 2929 imbribus
709 2879 768 2929 et
794 2869 976 2929 calido
1001 2869 1141 2930 solis
1166 2880 1436 2932 concreta
1457 2889 1701 2948 vapore;

410 2970 522 3031 quo
552 2955 731 3013 minus
756 2962 845 3013 est
867 2956 1063 3011 mirum
1079 2998 1096 3030 ,
1128 2955 1177 3013 si
1201 2963 1317 3013 tum
1341 2964 1469 3014 sunt
1491 2954 1652 3032 plura
1677 2963 1871 3012 coorta

408 3046 466 3095 et
490 3038 696 3095 maiora
712 3081 729 3113 ‚
755 3054 901 3095 nova
926 3035 1133 3096 tellure
1157 3046 1331 3115 atque
1353 3036 1589 3098 aethere
1612 3037 1815 3095 adulta.

407 3120 687 3195 principio
709 3137 890 3194 genus
915 3119 1143 3178 alituum
1166 3122 1471 3198 variaeque
1494 3120 1764 3179 volucres

411 3218 517 3258 ova
539 3199 931 3277 relinquebant
956 3201 1227 3261 exclusae
1251 3212 1509 3280 tempore
1536 3221 1714 3262 verno
1732 3248 1751 3279 ‚

282 3289 387 3343 800
409 3279 698 3341 folliculos
723 3291 782 3341 ut
814 3301 961 3341 nunc
985 3286 1182 3344 teretis
1207 3294 1427 3344 aestate
1451 3286 1680 3345 cicadae

408 3362 622 3421 lincunt
652 3374 856 3440 sponte
878 3382 977 3423 sua
1001 3367 1212 3424 victum
1231 3369 1514 3444 vitamque
1542 3378 1826 3446 petentes,

407 3455 519 3504 tum
542 3445 640 3502 tibi
666 3454 814 3502 terra
836 3444 988 3505 dedit
1009 3449 1219 3523 passim
1242 3448 1494 3508 mortalia
1517 3451 1725 3510 saecla.
