2409 3825
249 119 372 183 192
1215 118 1267 174 V
1270 117 1294 176 1

415 287 672 349 scilicet:
702 284 800 343 ille
834 284 1036 345 eodem
1060 283 1274 360 fertur,
1304 301 1416 362 quo
1446 285 1841 363 praecipitavit

416 374 522 430 iam
546 368 727 430 semel
752 377 810 427 et
833 378 1049 446 partem
1075 369 1130 426 in
1158 385 1395 428 vacuam
1420 369 1709 427 conamina
1732 370 1994 446 sumpsit.

251 465 386 518 1040
498 453 587 514 Fit
613 469 844 530 quoque
865 460 926 511 ut
947 470 980 511 a
1000 450 1190 530 lapide
1214 450 1326 510 hoc
1352 450 1489 509 ferri
1510 460 1705 511 natura
1726 452 1963 511 recedat

415 536 693 597 Interdum
709 581 727 612 ,
755 535 960 612 fugere
989 543 1160 613 atque
1185 535 1352 612 sequi
1382 545 1655 594 consueta
1678 536 1950 597 vicissim.

418 621 673 681 exultare
703 620 871 679 etiam
897 618 1282 679 Samothracia
1308 617 1497 678 ferrea
1524 618 1638 677 vidi
1685 689 1692 694 ³

417 715 477 765 et
500 713 748 765 ramenta
777 701 941 763 simul
966 701 1103 762 ferri
1125 702 1317 762 furere
1340 703 1488 762 intus
1513 701 1709 761 ahenis

414 792 471 848 in
486 786 749 867 'scaphiis
771 832 789 863 ‚
815 785 959 865 lapis
981 785 1075 845 hic
1097 784 1335 862 Magnes
1361 804 1488 846 cum
1511 786 1770 845 subditus
1796 796 1985 846 esset:
2057 810 2062 823 ·

250 883 385 938 1045
416 891 598 952 usque
622 870 765 930 adeo
789 870 996 948 fugere
1019 870 1088 930 ab
1114 886 1252 929 saxo
1276 870 1494 946 gestire
1517 869 1758 929 videtur.

415 975 548 1018 aere
571 956 909 1033 interposito
941 953 1223 1016 discordia
1246 962 1395 1012 tanta
1421 962 1645 1013 creatur

415 1049 726 1120 propterea
751 1040 880 1116 quia
897 1084 915 1116 ,
938 1039 1193 1096 nimirum
1209 1083 1227 1114 ,
1253 1039 1411 1115 prius
1435 1047 1628 1098 aestus
1655 1038 1750 1097 uhi
1773 1039 1920 1098 aeris

416 1124 715 1204 praecepit
737 1122 990 1200 ferrique
1016 1124 1135 1181 vias
1159 1121 1419 1201 possedit
1441 1131 1667 1199 apertas
1685 1167 1704 1198 ‚

414 1208 705 1287 posterior
725 1205 928 1285 lapidis
952 1208 1107 1266 venit
1128 1215 1323 1266 aestus
1348 1213 1407 1265 et
1431 1207 1614 1264 omnia
1638 1205 1809 1285 plena

250 1304 385 1356 1050
416 1292 627 1352 invenit
649 1292 705 1349 in
729 1289 883 1350 ferro
899 1336 917 1367 ,
944 1308 1133 1367 neque
1156 1289 1330 1362 hahet
1354 1307 1463 1367 qua
1485 1299 1670 1349 tranet
1687 1299 1747 1349 ut
1769 1296 1928 1348 ante:

419 1376 643 1452 cogitur
664 1375 948 1434 offensare
970 1376 1141 1451 igitur
1164 1372 1510 1453 pulsareque
1544 1373 1717 1432 fluctu

417 1462 606 1520 ferrea
627 1467 784 1518 texta
807 1476 944 1528 suo;
968 1475 1082 1536 quo
1105 1466 1277 1536 pacto
1305 1458 1525 1535 respuit
1548 1457 1617 1516 ab
1647 1476 1713 1517 se

416 1555 584 1622 atque
608 1561 714 1620 per
739 1560 838 1601 aes
861 1544 1067 1619 agitat,
1091 1544 1214 1601 sine
1237 1558 1310 1600 eo
1337 1539 1489 1618 quod
1511 1559 1687 1619 saepe
1711 1540 1996 1601 resorbet.

366 1619 378 1633 ⁸
501 1626 646 1687 Illud
669 1628 725 1685 in
747 1626 834 1686 his
859 1627 1035 1686 rebus
1057 1627 1243 1684 mirari
1266 1625 1425 1684 mitte
1442 1669 1460 1701 ,
1487 1623 1639 1701 quod
1662 1634 1857 1685 aestus

255 1725 384 1776 1055
420 1730 532 1771 non
555 1710 708 1769 valet
736 1729 770 1769 e
775 1709 982 1807 ’lapide
1006 1709 1120 1770 hoc
1145 1708 1283 1768 alias
1304 1706 1607 1786 impellere
1628 1709 1763 1768 item
1784 1727 1899 1768 res.

415 1795 671 1875 pondere
698 1795 843 1854 enim
867 1793 1046 1854 fretae
1071 1795 1272 1872 partim
1300 1800 1484 1861 stant3
1520 1792 1672 1869 quod
1693 1811 1876 1869 genus
1898 1809 2102 1854 aurum

419 1890 478 1940 et
498 1880 699 1958 partim
724 1894 850 1937 raro
875 1879 1004 1957 quia
1027 1887 1159 1939 sunt
1183 1895 1309 1937 cum
1336 1892 1616 1955 corpore,
1643 1884 1701 1936 ut
1723 1885 1917 1937 aestus

406 1951 683 2043 pervolet
708 1964 988 2040 intactus,
1018 1969 1309 2040 nequeunt
1332 1958 1597 2040 inpellier
1614 1979 1877 2038 usquam:

415 2048 606 2124 lignea
628 2047 892 2106 materies
917 2048 971 2105 in
996 2064 1109 2124 quo
1132 2064 1351 2123 genere
1375 2063 1509 2105 esse
1530 2044 1771 2103 videtur.

253 2143 387 2197 1060
414 2134 797 2207 interutraque
821 2132 993 2207 igitur
1016 2130 1152 2190 ferri
1175 2139 1370 2189 natura
1390 2128 1577 2188 locata

419 2217 567 2275 aeris
594 2214 688 2273 ubi
711 2216 939 2291 accepit
965 2213 1238 2292 quaedam
1261 2210 1643 2292 corpuscula,
1667 2221 1782 2270 tum
1808 2211 1898 2287 fit,

418 2297 694 2377 inpellant
715 2306 774 2355 ut
795 2315 918 2356 eam
941 2294 1236 2374 Magnesia
1264 2296 1489 2356 flumine
1514 2313 1669 2356 saxa.

418 2401 527 2441 nec
553 2391 739 2441 tamen
761 2381 906 2440 haec
928 2382 1005 2440 ita
1028 2390 1156 2441 sunt
1179 2379 1409 2439 aliarum
1430 2396 1619 2440 rerum
1639 2376 1855 2455 aliena,

418 2476 477 2525 ut
500 2464 632 2525 mihi
655 2464 827 2526 multa
850 2483 1046 2544 parum
1069 2482 1287 2541 genere
1314 2483 1388 2524 ex
1410 2463 1523 2523 hoc
1550 2461 2020 2541 suppeditentur,

252 2563 385 2614 1065
420 2569 564 2629 quae
594 2566 907 2609 memorare
932 2566 1135 2627 queam
1155 2550 1304 2608 inter
1325 2545 1691 2626 singillariter
1712 2556 1857 2625 apta.

422 2652 555 2696 saxa
575 2633 739 2694 vides
761 2635 998 2712 primum
1021 2631 1146 2693 sola
1177 2631 1483 2693 colescere
1510 2630 1691 2691 calce.

420 2717 638 2796 glutine
659 2719 925 2778 materies
947 2717 1167 2777 taurino
1188 2718 1440 2794 iungitur
1461 2733 1574 2774 uno
1591 2760 1610 2791 ,

419 2812 478 2862 ut
501 2803 639 2861 vitio
661 2819 842 2862 venae
866 2799 1175 2860 tabularum
1198 2802 1429 2879 saepius
1451 2801 1672 2859 hiscant

421 2904 585 2965 quam
605 2885 796 2946 laxare
821 2894 1027 2962 queant
1059 2901 1370 2963 compages
1392 2893 1587 2944 taurea
1608 2880 1815 2942 vincla.

253 2980 388 3035 1070
413 2971 649 3046 vitigeni
669 2967 871 3029 latices
888 2968 1050 3045 aquai
1073 2967 1325 3029 fontibus
1348 2967 1558 3028 audent

420 3054 647 3114 misceri
671 3098 689 3129 ‚
714 3070 841 3111 cum
864 3053 963 3130 pix
985 3061 1234 3130 nequeat
1258 3053 1447 3129 gravis
1475 3060 1534 3112 et
1551 3049 1685 3110 leve
1710 3048 1940 3109 clivom.

420 3153 857 3213 purpureusque
893 3133 1055 3197 colos
1081 3134 1346 3210 conchyli
1368 3137 1620 3212 iungitur
1639 3150 1752 3193 uno

425 3235 668 3294 corpore
692 3236 818 3277 cum
840 3217 1001 3280 lanae
1016 3265 1034 3297 ,
1062 3219 1240 3279 dirimi
1263 3221 1358 3297 qui
1379 3237 1494 3279 non
1516 3227 1689 3297 queat
1710 3234 1978 3294 usquam;

420 3316 531 3357 non
555 3302 604 3358 si
626 3300 874 3381 Neptuni
899 3301 1072 3362 fluctu
1093 3320 1369 3363 renovare
1395 3320 1626 3381 operam
1648 3300 1753 3361 des
1772 3321 1787 3367 2

257 3385 391 3439 1075
424 3397 534 3439 non
553 3426 570 3459 ,
593 3400 745 3445 mare
769 3387 817 3445 si
840 3394 1017 3445 totum
1038 3386 1179 3448 velit
1207 3385 1404 3447 eluere
1430 3386 1687 3445 omnibus
1712 3385 1875 3443 undis
