2409 3825
852 170 920 218 x.
1006 168 1197 218 mon.
1244 162 1385 217 ’1.8.
1502 152 1516 174 '
1993 153 2079 220 41

322 302 512 382 Quod
535 304 781 373 factum
804 305 1101 370 omnibus
1128 304 1479 369 maximum
1507 304 1805 370 timorem
1824 304 2076 370 iniecit:
2114 304 2156 370 7

139 408 342 456 nemo
402 388 575 454 enim
627 388 741 454 illo
794 389 1135 454 interfecto
1190 409 1260 453 se
1312 392 1526 453 tutum
1587 389 1873 473 putabat.
1969 389 2085 456 ille

138 479 368 539 autem
413 473 775 539 adversario
817 476 1067 539 remoto
1094 472 1393 539 licentius
1435 494 1655 538 eorum
1681 473 1874 557 bona,
1919 474 2080 571 quo‘s

136 558 398 627 sciebat
461 556 765 624 adversus
821 579 888 622 se
954 558 1256 642 sensisse,
1321 557 1637 622 militibus
1700 556 2077 642 disper-lavit.

140 642 387 727 quibus
417 642 636 707 divisis
680 663 826 719 cum
855 642 1165 707 cotidiani
1191 642 1456 727 maximi
1495 642 1727 707 fierent
1766 645 2077 727 sumptus,
2106 656 2143 704 2

138 726 447 792 celeriter
495 725 783 811 pecunia
813 724 1028 791 deesse
1083 726 1323 811 coepit,
1382 746 1622 810 neque,
1682 747 1811 810 quo
1853 746 2082 790 manus

139 810 1241 960 ξὲᾜξὲωὲοΞῗΡὲἑῗἻῗθὶᾀῖ
1248 808 2081 979 Ἢῑὲἓέἓῗῶῗέἔζ
2129 818 2156 941 Q

142 979 480 1044 amitteret
521 944 880 1063 optimates’.
971 944 1243 1063 quar-”um
1283 978 1498 1043 rerum
1540 999 1695 1044 cura
1744 978 2074 1064 frangeba-
2107 991 2143 1041 8

139 1066 258 1128 tur
303 1066 370 1128 et
395 1064 684 1128 insuetus
712 1063 880 1127 male
933 1061 1236 1129 audiendi
1275 1083 1413 1129 non
1440 1063 1657 1128 animo
1686 1078 1896 1148 aequo
1921 1063 2083 1128 fere-

140 1148 284 1232 bat,
330 1146 408 1212 de
450 1169 518 1212 se
547 1147 629 1212 ab
656 1148 738 1211 iis
764 1146 933 1211 male
962 1147 1332 1245 existimari?
1378 1168 1652 1231 quorum
1692 1148 1888 1232 paulo
1931 1151 2085 1212 ante

140 1234 218 1298 in
291 1231 538 1297 caelum
599 1231 813 1296 fuerat
875 1231 1079 1296 elatus
1152 1230 1465 1297 laud1bus.
1571 1232 1684 1298 vul
1866 1235 2083 1297 autem

144 1316 401 1382 offensa
440 1316 513 1381 in
555 1336 702 1382 eum
735 1315 1016 1380 militum
1044 1316 1378 1380 voluntate
1406 1316 1671 1381 liberius
1726 1315 2084 1401 oquebatur

56 1426 61 1432 ·
143 1405 216 1468 et
256 1405 607 1485 tyrannum
636 1420 773 1465 non
799 1399 1137 1481 ferendum
1180 1398 1533 1465 dictitabat.

322 1484 501 1550 Haec
541 1484 654 1549 ille
695 1485 954 1557 intuens
983 1504 1130 1550 cum
1173 1502 1365 1568 quem
1406 1482 1489 1548 ad
1528 1483 1790 1548 modum
1832 1482 2081 1550 sedaret
2112 1484 2155 1551 8

46 1567 59 1575 ’
141 1570 432 1635 nesciret
484 1572 550 1634 et
610 1589 918 1652 quorsum
972 1568 1318 1633 evaderent
1366 1568 1654 1653 timeret,
1711 1565 2083 1634 Callicrates

144 1653 417 1739 quidam
428 1702 448 1737 ‚
494 1653 650 1718 civis
692 1652 1129 1736 Atheniensis,
1174 1653 1288 1738 qui
1329 1636 1521 1716 sffiul
1562 1672 1709 1718 cum
1751 1673 1829 1717 eo
1858 1673 1937 1717 ex
1965 1651 2082 1717 Pe·

42 1784 43 1787 *
142 1738 214 1804 lo
266 1759 511 1803 onneso
566 1738 638 1803 in
681 1736 966 1803 Siciliam
1008 1741 1304 1821 venerat,
1357 1736 1555 1802 homo
1600 1740 1670 1801 et
1707 1735 1973 1801 callidus
2017 1739 2084 1800 et

276 1821 567 1886 fraudem
610 1825 833 1887 acutus
843 1870 862 1905 ‚
908 1822 1047 1886 sine
1088 1820 1225 1886 ulla
1277 1820 1591 1906 religione
1632 1841 1708 1885 ac
1748 1820 1902 1906 fide,
1947 1819 2082 1886 adit

145 1906 232 1973 ad
288 1905 568 1972 Dionem
606 1909 691 1982 ,et
752 1906 872 1971 ait:
938 1928 1086 2010 euin
1149 1926 1390 1993 magno
1452 1906 1524 1970 in
1586 1905 1873 1991 periculo
1941 1927 2077 1971 esse
2105 1919 2139 1968 2

143 2013 273 2078 pro
319 1996 421 2057 ter
461 1990 879 2058 offensionem
922 1989 1150 2075 populi
1192 1995 1260 2055 et
1302 1991 1519 2055 odium
1554 1990 1863 2075 militum,
1908 1989 2082 2075 quod

142 2098 194 2143 n
297 2096 336 2141 o
380 2077 572 2141 modo
617 2075 856 2141 evitare
895 2079 1134 2159 posset,
1176 2075 1306 2140 nisi
1348 2074 1541 2139 alicui
1582 2096 1845 2140 suorum
1884 2094 2081 2159 nego-

40 2195 41 2232 1
142 2161 321 2227 tium
374 2159 583 2244 daret,
681 2160 752 2225 ui
808 2179 876 2224 se
928 2159 1262 2225 simularet
1312 2158 1410 2223 illi
1451 2158 1803 2224 immicum.
1891 2180 2082 2244 quem

146 2246 206 2311 si
250 2244 605 2311 invenisset
636 2244 663 2309 i
706 2264 962 2328 oneum,
1003 2242 1195 2308 facile
1238 2244 1528 2309 omnium
1570 2244 1821 2310 animos
1863 2243 2083 2331 cog'ni-

40 2349 41 2352 ’
145 2334 372 2395 turum
413 2328 935 2413 adversanosque
977 2327 1399 2411 sublaturum,
1444 2327 1618 2413 quod
1656 2329 1903 2393 inimici
1945 2328 2081 2394 eius

148 2413 532 2480 dissidentes
574 2433 727 2479 suos
766 2433 990 2479 sensus
1022 2413 1308 2497 aperturi
1348 2412 1584 2478 forent.
1655 2414 1775 2477 tali
1807 2413 2076 2478 consilio
2105 2426 2140 2474 3

145 2500 436 2583 probato
485 2518 634 2563 exce
679 2498 735 2562 it
796 2497 916 2563 has
969 2501 1187 2595 partes
1251 2497 1390 2581 ipse
1448 2495 1818 2562 Callicrates
1884 2499 1950 2559 et
2011 2517 2079 2561 se

40 2615 43 2616 ⁷
148 2586 363 2648 armat
405 2582 619 2667 impnx
661 2582 838 2647 entia
878 2580 1129 2646 Dioms.
1238 2580 1321 2646 ad
1363 2601 1510 2644 eum
1561 2579 2082 2645 interficiundum

149 2667 365 2733 socios
407 2667 759 2751 conquirit,
804 2665 1200 2730 adversarios
1243 2663 1380 2729 eius
1424 2664 1745 2747 convenit,
1789 2663 2080 2729 coniura-

146 2752 331 2817 tione
375 2752 730 2817 confirmat.
801 2772 904 2815 res
917 2799 935 2833 ,
978 2749 1198 2814 multis
1241 2747 1513 2813 consciis
1556 2769 1720 2832 quae
1846 2751 2077 2833 eretur,
2104 2761 2140 2811 4

148 2836 323 2901 elata
383 2834 670 2900 defertur
738 2835 821 2899 ad
884 2832 1409 2918 Aristomachen,
1480 2853 1765 2899 sororem
1891 2832 2080 2917 ionis,
2126 2909 2132 2920 .

40 2929 43 2974 f
146 2940 543 3004 uxoremque
584 2922 847 2984 Areten.
926 2918 1094 2983 <illae
1146 2918 1380 2983 timore
1419 2918 1798 3002 perterritae
1851 2938 2079 2983 conve-
2113 2953 2120 2964 ι

147 3004 376 3088 uiant,
431 3004 612 3070 cuius
667 3002 745 3067 de
786 3002 1074 3086 periculo
1117 3002 1452 3067 timebant.
1541 3006 1610 3068 at
1649 3002 1760 3067 ille
1801 3004 2000 3085 negat
2039 3022 2081 3066 a

149 3088 491 3155 Callicrate
532 3088 675 3153 fieri
716 3087 841 3152 sibi
874 3087 1159 3172 insidias,
1204 3084 1316 3152 sed
1344 3086 1475 3170 illa,
1521 3107 1683 3171 quae
1713 3089 2077 3171 agerentur,

40 3249 41 3256 ἵ
146 3174 291 3237 fieri
331 3176 675 3258 praecepto
717 3193 854 3237 suo.
938 3170 1239 3236 mulieres
1277 3169 1487 3236 nihilo
1531 3171 1734 3237 secius
1778 3168 2075 3237 Callicra—
2102 3182 2137 3232 ὁ

40 3263 43 3296 ÷
146 3261 282 3323 tem
307 3258 381 3322 in
408 3257 631 3325 aedem
659 3255 858 3321 Prose
938 3256 1084 3321 inae
1114 3253 1440 3319 deducunt
1468 3277 1544 3320 ac
1572 3257 1782 3320 iurare
1812 3258 2075 3339 cogunt,

148 3341 319 3407 nihil
374 3341 455 3407 ab
510 3340 627 3406 illo
669 3278 939 3425 period-li
979 3339 1121 3404 fore
1153 3337 1375 3403 Dioni.
1445 3339 1557 3404 ille
1598 3338 1721 3404 hac
1761 3337 2076 3421 religione

39 3437 47 3456 ‘
146 3447 288 3493 non
328 3424 519 3493 modo
561 3445 699 3490 non
757 3429 857 3490 est
909 3423 1276 3506 deterritus,
1330 3421 1441 3488 sed
1493 3422 1575 3489 ad
1626 3418 2075 3486 maturandum
