2409 3825
147 163 266 228 102
1104 162 1184 221 lv

309 330 761 411 quandoquidem
782 329 988 407 longos
1017 331 1205 390 obitus
1238 338 1437 389 exorta
1465 331 1753 407 revisunt,

314 435 440 475 cum
469 432 769 493 permensa
792 432 897 474 suo
922 424 1052 474 sunt
1076 413 1298 472 caelum
1322 431 1566 493 corpore
1597 414 1769 475 claro.

311 498 515 577 solque
538 500 659 577 pari
682 500 899 558 ratione
920 515 1148 559 manere
1175 507 1233 557 et
1255 495 1383 556 luna
1406 498 1668 557 videntur

311 585 367 642 in
388 584 628 643 statione
646 629 662 660 ,
691 600 758 641 ea
777 600 920 660 quae
951 581 1087 641 ferri
1110 600 1205 642 res
1229 581 1437 642 indicat
1459 584 1601 661 ipsa.

184 675 284 730 395
310 676 532 728 exstant
555 685 735 744 usque
762 665 963 743 procul
988 665 1173 725 medio
1198 665 1268 725 de
1290 667 1516 743 gurgite
1541 668 1745 726 mon'tis
1762 712 1779 744 ‚

312 749 593 810 classibus
616 753 763 808 inter
786 766 931 827 quos
953 748 1101 808 liber
1124 759 1281 827 patet
1309 752 1493 811 exitus
1519 751 1750 828 ingens:

308 834 489 894 insula
517 835 833 894 coniunctis
859 843 1042 893 tamen
1065 851 1138 894 ex
1165 834 1254 894 his
1281 852 1385 892 una
1409 834 1647 894 videtur.

310 921 447 978 atria
471 919 687 978 versari
716 928 773 976 et
807 919 1251 977 circumcursare
1280 917 1574 977 columnae

311 1021 494 1081 usque
519 1002 662 1061 adeo
689 1002 747 1059 fit
771 1003 848 1059 uti
874 1003 1065 1080 pueris
1088 1002 1381 1062 videantur
1400 1047 1418 1079 ‚
1438 1002 1532 1061 ubi
1556 1004 1662 1080 ipsi

184 1096 289 1148 400
313 1086 602 1145 desierunt
625 1086 801 1162 verti,
828 1086 922 1144 vix
951 1096 1010 1145 ut
1032 1087 1138 1143 iam
1161 1085 1403 1146 credere
1426 1088 1648 1164 possint

311 1188 424 1229 non
447 1187 618 1248 supra
641 1188 775 1229 sese
800 1187 968 1229 ruere
995 1171 1177 1230 omnia
1199 1180 1354 1230 tecta
1375 1171 1587 1228 minari.

310 1257 532 1332 iamque
554 1252 781 1312 rubrum
808 1253 1063 1314 tremulis
1088 1255 1249 1314 iubar
1270 1254 1496 1331 ignibus
1520 1256 1748 1331 erigere
1773 1252 1887 1312 alte

311 1356 439 1399 cum
462 1346 692 1414 coeptat
713 1347 906 1396 natura
930 1356 1214 1416 supraque
1237 1336 1519 1398 extollere
1548 1348 1806 1414 montes,

313 1439 457 1500 quos
479 1421 579 1480 tibi
603 1431 719 1481 tum
741 1439 913 1498 supra
936 1420 1026 1481 sol
1050 1424 1255 1482 montis
1288 1440 1422 1482 esse
1445 1422 1669 1482 videtur

184 1515 284 1568 405
312 1507 620 1565 comminus
644 1507 771 1584 ipse
794 1523 899 1565 suo
924 1508 1260 1583 contingens
1285 1505 1537 1567 fervidus
1560 1508 1709 1584 igni,

308 1592 405 1649 vix
435 1589 636 1650 absunt
656 1589 821 1649 nobis
842 1591 1049 1650 missus
1075 1590 1162 1650 his
1184 1588 1342 1650 mille
1365 1592 1606 1668 sagittae
1623 1636 1640 1668 ,

309 1675 404 1732 vix
427 1675 593 1733 etiam
617 1691 817 1734 cursus
843 1676 1183 1753 quingentos
1207 1692 1384 1752 saepe
1407 1676 1620 1734 veruti:

309 1760 456 1818 inter
480 1774 583 1818 eos
608 1755 908 1836 solemque
929 1760 1116 1817 iacent
1139 1760 1392 1817 immania
1415 1761 1571 1837 ponti

309 1859 557 1921 aequora
580 1842 860 1901 substrata
882 1841 1149 1903 aetheriis
1173 1843 1497 1919 ingentibus
1523 1844 1636 1902 oris
1655 1888 1672 1921 ,

186 1936 288 1988 410
309 1927 720 2003 interiectaque
744 1936 872 1986 sunt
895 1937 1168 1987 terrarum
1187 1927 1339 1987 milia
1359 1927 1530 1987 multa
1546 1973 1564 2004 ‚

310 2028 454 2089 quae
479 2011 666 2068 variae
689 2011 934 2089 retinent
955 2022 1162 2089 gentes
1187 2021 1247 2071 et
1269 2010 1462 2072 saecla
1484 2011 1745 2071 ferarum.

308 2103 363 2153 at
390 2091 686 2153 conlectus
709 2111 886 2172 aquae
911 2095 1142 2173 digitum
1163 2113 1276 2155 non
1298 2094 1463 2155 altior
1484 2114 1650 2154 unum
1665 2141 1683 2172 ,

309 2179 405 2256 qui
423 2176 648 2255 lapides
673 2179 818 2237 inter
842 2180 989 2239 sistit
1013 2199 1121 2259 per
1143 2188 1317 2239 strata
1337 2182 1550 2239 viarum
1566 2226 1584 2256 ,

309 2260 647 2338 despectum
669 2263 906 2338 praehet
930 2264 1034 2323 sub
1056 2274 1237 2324 terras
1260 2265 1452 2342 inpete
1477 2274 1630 2324 tanto
1647 2310 1664 2339 ‚

180 2353 281 2405 415
306 2363 339 2405 a
361 2346 528 2403 terris
553 2355 815 2422 quantum
840 2346 984 2407 caeli
1011 2358 1163 2425 patet
1194 2348 1340 2407 altus
1364 2348 1577 2420 hiatus:

306 2427 497 2487 nubila
520 2427 803 2506 dispicere
837 2440 894 2490 et
920 2431 1137 2491 caelum
1162 2443 1221 2492 ut
1246 2431 1476 2491 videare
1501 2432 1697 2491 videre
1729 2440 1789 2491 et

310 2528 553 2589 corpora
576 2513 811 2573 miraclo
839 2514 944 2574 sub
968 2525 1150 2576 terras
1172 2515 1360 2576 abdita
1385 2514 1547 2576 caeli.

309 2595 551 2674 denique
577 2597 671 2656 ubi
695 2599 750 2656 in
772 2599 957 2658 medio
981 2601 1145 2659 nobis
1170 2618 1352 2678 equus
1383 2618 1519 2659 acer
1540 2599 1799 2659 obhaesit

310 2680 536 2740 flumine
567 2691 623 2740 et
646 2684 701 2739 in
725 2682 945 2761 rapidas
970 2686 1145 2743 amnis
1170 2683 1538 2762 despeximus
1563 2683 1769 2761 undaS‚

181 2775 282 2826 420
309 2766 504 2823 stantis
529 2767 659 2843 equi
685 2783 894 2844 corpus
918 2776 1302 2827 transversum
1325 2768 1478 2827 ferre
1506 2766 1731 2827 videtur

306 2849 393 2908 vis
419 2850 554 2907 etin
585 2848 885 2910 adversum
911 2850 1118 2911 flumen
1143 2851 1484 2911 contrudere
1510 2854 1745 2929 raptim,

305 2940 363 2991 et
389 2949 746 3011 quocumque
772 2932 973 2993 oculos
996 2937 1319 2996 traiecimus
1345 2937 1528 2995 omnia
1551 2936 1688 2994 ferri

307 3023 364 3074 et
387 3015 565 3075 fluere
589 3016 825 3076 adsimili
849 3019 1013 3079 nobis
1037 3022 1255 3079 ratione
1277 3019 1556 3079 videntur.

304 3101 560 3177 porticus
585 3101 808 3178 aequali
834 3105 1087 3180 quamvis
1111 3112 1200 3163 est
1225 3103 1470 3181 denique
1496 3102 1666 3163 ductu

178 3192 276 3244 425
304 3192 572 3261 stansque
598 3186 652 3242 in
675 3196 1014 3263 perpetuum
1037 3189 1266 3265 paribus
1300 3186 1528 3247 suffulta
1552 3186 1863 3261 columnis,

305 3266 474 3343 longa
497 3276 681 3326 tamen
705 3278 865 3345 parte
890 3270 960 3329 ab
982 3289 1195 3329 summa
1223 3290 1349 3330 eum
1378 3280 1498 3330 tota
1520 3270 1776 3345 videtur,

306 3349 569 3426 paulatim
591 3350 755 3409 trahit
777 3355 999 3429 angusti
1021 3353 1245 3431 fastigia
1265 3356 1426 3428 coni,

307 3441 457 3492 tecta
483 3431 609 3492 solo
633 3436 870 3510 iungens
893 3444 1062 3513 atque
1088 3439 1269 3495 omnia
1293 3437 1527 3497 dextera
1552 3434 1732 3495 laevis
