2409 3825
241 199 306 244 vl
1047 182 1470 240 PRAEFATIO.

248 370 382 410 num
406 353 744 410 vocabulum
771 352 1009 406 alienum
1034 368 1143 406 una
1172 368 1298 406 cum
1315 352 1563 408 Bentleio
1595 369 1830 409 censere
1862 353 2050 426 malui,
2080 368 2271 425 quam

247 438 554 495 litterarum
595 436 848 491 ductibus
894 435 1098 507 partim
1141 434 1544 492 inhaerescens
1594 439 1792 509 partim
1840 437 2109 492 insultans
2142 453 2263 494 ’co-

247 528 526 594 rumptum
565 518 755 576 dicere
804 535 874 574 ex
918 523 1159 576 coortum
1196 519 1565 591 depravatum
1609 538 1755 577 esse.
1852 520 2112 577 Similiter
2158 523 2271 593 egi

251 622 380 665 eum
412 604 506 674 VI,
533 608 603 661 45
1595 610 1604 615 ’
2081 623 2084 628 '

588 704 636 746 et
659 712 1006 760 quaecumque
1039 698 1091 746 in
1111 711 1171 748 eo
1204 696 1329 745 fiunt
1348 698 1567 761 fierique
1587 707 1845 748 necessest

589 766 830 831 pleraque
859 765 1066 816 dissolvi
1152 811 1158 815 ,

250 853 342 910 ubi
367 868 494 909 eum
521 849 910 906 Lachmannus
943 851 1177 923 fierique
1212 856 1448 906 mutaret
1482 852 1537 906 in
1564 852 1818 924 fateare,
1854 851 2033 907 lenius
2064 852 2268 908 visum

250 944 335 995 est
378 937 460 992 sic
503 935 723 992 versari
768 940 823 989 ut
858 935 989 1007 fieri
1016 951 1047 990 e
1092 935 1432 1005 glossemate
1468 943 1670 1005 ortum,
1716 952 1750 991 a
1779 935 2032 992 Lucretio
2062 941 2268 992 autem

249 1022 514 1092 scripturn
539 1036 669 1074 esse
691 1024 914 1089 putetur
927 1023 1267 1091 possuntque
1290 1036 1416 1074 cum
1441 1019 1641 1075 eadem
1664 1020 1930 1075 orationis
1956 1020 2269 1090 brevitate,

248 1123 359 1177 qua
383 1104 547 1159 utitur
569 1102 637 1171 V,
662 1105 796 1161 5272

855 1197 948 1247 sed
978 1198 1101 1259 quid
1122 1197 1286 1261 possit
1299 1198 1492 1261 fiatque
1514 1211 1608 1261 per
1627 1212 1773 1247 omne

592 1267 643 1314 in
669 1265 824 1315 variis
844 1266 1045 1315 mundis
1064 1266 1205 1315 varia
1226 1266 1420 1314 ratione
1439 1266 1619 1315 creatis
1632 1302 1646 1320 ‚

591 1334 643 1383 id
662 1334 839 1384 doceo·

245 1434 447 1506 Neque
484 1435 539 1489 in
573 1433 908 1488 minutorum
945 1432 1345 1488 vocabulorum
1382 1433 1775 1488 additamentis
1812 1435 2046 1490 substitit
2081 1435 2265 1490 inter-

249 1518 478 1591 polatio·
548 1517 761 1572 Verum
801 1533 928 1572 cum
959 1521 1046 1571 sat
1078 1532 1317 1586 magnus
1356 1517 1812 1572 Lucretianorum
1847 1534 2113 1573 versuum
2150 1535 2266 1572 nu-

249 1619 438 1659 merus
463 1618 496 1656 a
518 1602 725 1657 lectore
751 1600 997 1672 quodam
1020 1600 1364 1671 marginibus
1390 1600 1754 1671 comparandi
1777 1616 1948 1656 eausa
1978 1602 2269 1673 ascriptus

249 1687 474 1755 suisset,
508 1686 761 1741 abierunt
780 1690 980 1757 postea
1004 1684 1090 1738 isti
1112 1700 1315 1741 versus
1340 1684 1534 1740 alienis
1560 1684 1694 1738 locis
1719 1683 1775 1738 in
1798 1685 2266 1740 Lucretianorum

250 1772 553 1827 verborum
587 1770 842 1825 ordinem
882 1767 1054 1837 (Nov.
1080 1768 1223 1822 Mus·
1260 1767 1367 1823 Rh.
1407 1768 1477 1837 V,
1511 1770 1661 1836 574).
1740 1768 1958 1823 Deinde
1988 1785 2125 1825 vero
2160 1771 2268 1826 vel

251 1855 402 1909 idem
425 1855 599 1908 lector
629 1854 723 1910 vel
745 1851 886 1907 alius
921 1852 1043 1922 quis
1069 1868 1140 1905 ne
1165 1867 1198 1905 a
1220 1853 1478 1908 versibus
1504 1852 1730 1923 quidem
1758 1852 1829 1907 de
1853 1869 1956 1907 suo
1983 1852 2269 1908 faciendis

256 1938 586 2010 temperavit
614 1937 817 2008 partim
857 1940 914 1989 ut
953 1935 1261 2007 explicaret
1295 1936 1604 2001 Lucretium
1649 1938 1849 2006 partim
1887 1944 1944 1990 ut
1977 1936 2267 1992 irrideret.

251 2022 425 2077 Huius
462 2020 784 2077 temeritatis
823 2019 1112 2090 exempla,
1149 2033 1294 2088 quae
1319 2018 1545 2089 quidem
1575 2018 1695 2089 ipse
1715 2020 1979 2091 agnovit,
2022 2037 2094 2074 ex
2125 2036 2267 2075 ora-

254 2106 400 2161 tione
431 2104 762 2160 Lucretiana
795 2102 956 2158 eiecit
977 2100 1367 2158 Lachmannus
1400 2118 1619 2173 unaque
1642 2103 1955 2174 composuit
1982 2103 2038 2158 in
2069 2102 2270 2159 indice

253 2208 300 2245 s.
324 2207 380 2247 v.
417 2190 776 2261 interpolator
811 2188 1073 2243 carminis
1094 2185 1265 2243 Lacr.
1330 2185 1571 2256 Reliquit
1602 2203 1740 2242 vcro
1775 2187 1912 2256 alia,
1948 2203 2092 2258 quae
2118 2204 2268 2242 ean-

254 2273 384 2329 dem
417 2274 693 2345 originem
735 2289 848 2327 non
884 2273 1066 2326 minus
1097 2276 1291 2341 aperte
1326 2287 1465 2342 prae
1502 2287 1564 2326 se
1595 2271 1794 2325 serunt.
1869 2271 1937 2326 Ut
1963 2271 2072 2328 hoc
2112 2276 2267 2342 utar,

251 2363 702 2430 propugnatores
744 2347 1233 2430 μετεμψυχῶσεως
1272 2371 1340 2410 eo
1389 2356 1733 2426 compulerat
1775 2355 2061 2410 Lucretius
2114 2356 2269 2411 libro

250 2441 351 2510 111,
386 2447 444 2497 ut
479 2457 765 2512 nunquam
796 2441 851 2494 in
884 2439 1187 2495 bestiarum
1228 2455 1466 2510 corpora
1500 2439 1653 2493 abire
1691 2438 1940 2494 dicerent
1979 2438 2272 2494 humanas

253 2526 467 2582 animas
502 2526 607 2582 sed
640 2540 866 2596 semper
889 2523 945 2577 in
967 2522 1088 2593 sola
1116 2538 1355 2593 corpora
1383 2522 1658 2577 humana:

458 2619 560 2674 758
596 2620 676 2669 sin
697 2620 892 2668 animas
917 2616 1181 2668 hominum
1202 2618 1370 2668 dicent
1391 2618 1443 2665 in
1474 2631 1693 2680 corpora
1720 2631 1919 2680 semper

597 2691 675 2740 ire
698 2688 913 2739 humana
927 2723 942 2747 ‚
975 2695 1143 2736 tamen
1162 2699 1403 2748 quaeram
1432 2700 1519 2734 cur
1546 2700 1576 2735 e
1600 2686 1821 2750 sapienti

595 2757 752 2808 stulta
771 2764 922 2820 queat
944 2754 1055 2805 fieri
1072 2770 1165 2804 nec
1185 2753 1411 2818 prudens
1437 2755 1499 2802 sit
1527 2768 1654 2818 puer
1674 2753 1805 2803 ullus

253 2842 392 2900 Cum
436 2844 530 2899 tali
568 2845 893 2914 quaestione
935 2842 1059 2913 quis
1101 2843 1242 2897 ferat
1276 2840 1538 2912 coniungi
1579 2840 1638 2895 id
1670 2839 1822 2910 quod
1850 2838 2159 2895 continetur
2190 2858 2272 2898 eo

252 2943 454 2995 versu,
486 2942 653 2998 quem
685 2926 1067 2999 superioribus
1095 2924 1487 2981 Lachmannus
1525 2940 1635 2979 una
1666 2940 1791 2979 curn
1825 2923 2052 2993 reliquis
2078 2926 2268 2979 omni-

250 3012 356 3067 bus
383 3011 688 3068 editoribus
712 3010 974 3067 subiecit=
1520 3026 1526 3033 ·

461 3104 562 3157 762
605 3112 820 3157 nectam
848 3105 1031 3154 doctus
1052 3119 1211 3167 equae
1234 3099 1407 3169 pullus
1427 3118 1580 3166 quarn
1599 3100 1745 3152 fortis
1764 3101 1881 3165 equi
1899 3103 1977 3153 vis

253 3207 345 3262 ubi
372 3222 607 3278 prorsus
643 3211 834 3262 contra
866 3204 1213 3277 hypothesin
1244 3206 1482 3276 equinae
1512 3204 1732 3259 animae
1775 3202 2025 3275 irrepunt
2066 3202 2122 3257 in
2164 3221 2268 3258 so-

254 3291 511 3346 cietatem
552 3288 942 3346 humanarum.
1023 3288 1130 3344 Vel
1173 3291 1293 3345 solo
1351 3286 1718 3344 ratiocinandi
1770 3287 1974 3343 auxilio
2028 3288 2270 3344 facetias

252 3373 463 3429 seilicet
495 3372 907 3444 interpolatoris
930 3372 1381 3445 perspIceremus
1397 3415 1412 3442 ,
1445 3372 1539 3442 qui
1567 3370 1952 3427 Lucretianam
1976 3371 2270 3440 quaestio-

251 3473 411 3527 nem,
444 3473 587 3529 quae
611 3457 685 3512 ad
713 3455 972 3513 homines
993 3457 1264 3528 pertinet,
1304 3458 1584 3513 soluturus
1618 3461 1703 3510 est
1735 3455 1994 3526 exemplo
2022 3455 2268 3526 repetito
