2409 3825
310 141 398 210 46
1293 144 1350 204 11

482 310 724 373 subdola
746 329 874 371 cum
896 311 1044 372 ridet
1065 309 1273 389 placidi
1303 310 1547 388 pellacia
1570 312 1763 390 ponti,

352 405 458 461 560
484 397 570 457 sic
596 394 697 455 tihi
718 397 769 455 si
791 394 942 455 finita
963 392 1147 455 semel
1171 395 1474 472 primordia
1498 395 1772 476 quaedam

486 480 801 541 constitues
818 523 837 556 ‚
862 495 1066 539 aevom
1089 475 1381 539 debebunt
1405 478 1604 558 sparsa
1626 497 1732 558 per
1757 497 1981 549 munem

480 564 789 623 disiectare
814 571 1008 623 aestus
1034 561 1246 621 diversi
1268 565 1554 641 materiai,

479 664 777 726 numquam
799 647 856 704 in
880 644 1183 705 concilium
1207 654 1268 706 ut
1289 649 1513 724 possint
1539 645 1833 726 compulsa
1854 647 2012 711 coire

478 749 590 792 nec
611 730 882 790 remorari
905 731 959 789 in
985 728 1232 790 concilio
1254 748 1366 790 nec
1396 748 1668 792 crescere
1692 729 1956 802 adaucta;

353 824 454 878 565
484 831 722 894 quorum
744 822 1044 893 utrumque
1067 812 1250 892 palam
1276 814 1399 874 fieri
1419 814 1714 876 manifesta
1736 811 1909 876 docet
1928 837 2025 880 res
2040 863 2064 899 ,

481 907 539 958 et
560 917 656 959 res
686 898 950 975 progigni
973 906 1033 957 et
1058 899 1281 975 genitas
1309 915 1689 976 procrescere
1714 916 1909 977 posse.

481 1001 617 1043 esse
639 982 811 1059 igitur
834 998 1052 1059 genere
1075 983 1132 1043 in
1154 983 1360 1060 quovis
1381 982 1687 1061 primordia
1707 1002 1897 1043 rerum

480 1067 689 1125 infinita
711 1064 894 1143 palam
918 1073 1044 1142 est,
1070 1065 1220 1125 unde
1246 1068 1428 1127 omnia
1458 1067 1905 1146 suppeditantur.

562 1147 688 1209 Nec
710 1167 983 1227 superare
1011 1158 1224 1227 queunt
1244 1160 1431 1211 motus
1454 1152 1646 1230 itaque
1669 1151 1931 1214 exitiales

353 1240 459 1296 570
480 1242 764 1314 perpetuo
785 1251 976 1312 neque
997 1234 1055 1291 in
1075 1241 1371 1293 aeternum
1393 1234 1649 1313 sepelire
1670 1235 1909 1296 salutem
1927 1282 1945 1314 ,

479 1335 592 1378 nec
622 1334 795 1397 porro
819 1335 1007 1377 rerum
1030 1316 1315 1395 genitales
1347 1318 1710 1397 auctificique

479 1411 665 1462 motus
688 1408 972 1479 perpetuo
996 1410 1240 1479 possunt
1262 1420 1498 1463 servare
1523 1411 1730 1463 creata.
1819 1458 1832 1471 ,

480 1488 566 1546 sic
590 1501 776 1564 aequo
798 1486 1017 1562 geritur
1049 1487 1356 1547 certamine
1380 1488 1783 1565 principiorum

485 1589 559 1630 ex
582 1569 795 1629 infinito
818 1577 1167 1629 contractum
1189 1578 1451 1649 tempore
1476 1569 1708 1631 bellum.

359 1661 460 1717 575
489 1671 637 1713 nunc
660 1653 754 1713 hic
785 1671 935 1712 nunc
961 1652 1080 1721 illic
1103 1663 1374 1732 superant
1399 1653 1590 1714 vitalia
1611 1671 1833 1731 rerum,

481 1747 539 1800 et
563 1746 900 1816 superantur
923 1738 1078 1796 item.
1101 1739 1376 1798 miscetur
1397 1736 1598 1798 funere
1627 1755 1807 1816 vagor
1821 1782 1840 1815 ‚

481 1840 650 1902 quem
673 1822 835 1900 pueri
858 1819 1063 1880 tollunt
1089 1823 1327 1882 visentis
1353 1821 1577 1883 luminis
1606 1838 1766 1883 oras:

480 1925 590 1966 nec
613 1924 728 1966 nox
757 1903 871 1964 ulla
895 1904 1046 1966 diem
1065 1923 1259 1984 neque
1282 1914 1512 1976 noctem
1532 1924 1733 1966 aurora
1755 1916 2041 1986 secutast,

481 2008 626 2070 quae
652 2007 765 2049 non
787 1989 1026 2050 audierit
1046 1991 1257 2051 mixtos
1282 1991 1567 2068 vagitibus
1591 1993 1783 2068 aegris

351 2083 458 2138 580
486 2074 741 2154 ploratus
759 2119 778 2151 ‚
803 2075 1000 2134 mortis
1026 2075 1266 2134 comites
1290 2083 1349 2136 et
1371 2073 1587 2136 funeris
1611 2077 1734 2135 atri.

564 2157 710 2219 Illud
731 2159 789 2217 in
810 2156 898 2217 his
926 2158 1285 2236 obsignatum
1308 2175 1538 2239 quoque
1559 2160 1733 2220 rebus
1759 2157 1973 2219 habere

481 2243 748 2303 convenit
771 2251 829 2302 et
856 2243 1092 2303 memori
1114 2241 1431 2302 mandatum
1458 2252 1649 2303 mente
1674 2251 1906 2318 tenere,

479 2327 558 2386 nil
584 2344 719 2387 esse
740 2372 758 2403 ,
782 2328 839 2385 in
867 2335 1134 2406 promptu
1169 2343 1410 2405 quorum
1432 2336 1626 2388 natura
1648 2325 1872 2388 videtur
1887 2371 1904 2402 ,

480 2410 634 2492 quod
655 2428 876 2488 genere
905 2428 981 2471 ex
1006 2427 1119 2471 uno
1144 2410 1423 2472 consistat
1444 2412 1848 2491 principiorum
1865 2453 1883 2485 ,

351 2504 454 2559 585
481 2513 594 2555 nec
623 2496 924 2574 quicquam
955 2494 1108 2573 quod
1128 2512 1241 2554 non
1264 2497 1547 2574 permixto
1573 2497 1792 2556 semine
1821 2500 2078 2556 constet:

480 2589 539 2640 et
564 2578 963 2658 quodcumque
990 2581 1171 2655 magis
1193 2578 1282 2638 vis
1303 2578 1508 2640 multas
1537 2579 1798 2660 possidet
1820 2578 1876 2638 in
1898 2594 1964 2638 se

480 2674 652 2744 atque
676 2670 997 2741 potestates
1013 2708 1031 2740 ‚
1062 2664 1140 2722 ita
1162 2662 1402 2741 plurima
1426 2664 1832 2743 principiorum

480 2751 535 2807 in
558 2766 695 2809 sese
718 2764 935 2824 genera
954 2764 1023 2807 ac
1048 2747 1232 2807 varias
1262 2747 1437 2808 docet
1458 2766 1593 2810 esse
1623 2747 1849 2824 figuras.

480 2831 763 2911 principio
792 2829 965 2891 tellus
991 2828 1164 2890 habet
1185 2832 1244 2891 in
1265 2849 1332 2891 se
1359 2848 1603 2910 corpora
1625 2831 1802 2908 prima
1818 2874 1836 2906 ‚

355 2924 459 2979 590
484 2915 633 2975 unde
656 2931 810 2974 mare
837 2916 1151 2975 inmensum
1174 2914 1480 2976 volventes
1506 2915 1719 2993 frigora
1742 2912 1933 2973 fontes

481 2998 718 3059 adsidue
740 3007 1057 3074 renovent,
1084 2996 1257 3058 habet
1280 2998 1446 3076 ignes
1477 2998 1625 3058 unde
1650 2999 1924 3058 oriantur:

483 3101 610 3143 nam
634 3080 825 3143 multis
851 3100 1136 3144 succensa
1159 3080 1308 3143 locis
1331 3081 1529 3144 ardent
1549 3081 1675 3144 sola
1693 3091 1880 3141 terrae
1899 3123 1919 3156 ‚

485 3167 706 3245 eximiis
735 3182 876 3225 vero
900 3167 1032 3225 furit
1062 3161 1288 3243 ignibus
1311 3167 1558 3243 impetus
1585 3166 1840 3225 Aetnae:

485 3259 601 3309 tum
625 3265 800 3327 porro
822 3249 1022 3309 nitidas
1045 3249 1243 3327 fruges
1271 3249 1613 3329 arbustaque
1644 3248 1792 3309 laeta

364 3340 464 3394 595
488 3333 758 3409 gentibus
782 3331 1035 3393 humanis
1059 3332 1232 3392 habet
1260 3332 1408 3393 unde
1436 3332 1722 3392 extollere
1750 3331 1968 3410 possit,

491 3416 641 3475 unde
668 3416 837 3474 etiam
861 3415 1063 3477 fluvios
1095 3415 1328 3477 frondes
1352 3423 1411 3475 et
1432 3414 1638 3495 pabula
1657 3415 1805 3476 laeta
