2409 3825
291 1910 366 1975 11
558 1907 786 1992 Itaque
831 1930 976 1990 Qun
1019 1930 1165 1973 eum
1208 1907 1280 1971 in
1321 1907 1674 1973 custodiam
1709 1906 1984 1974 dedisset
2026 1912 2092 1973 et
2132 1929 2318 1992 prae·

376 158 457 225 78
705 195 710 201 ⁴
889 172 1086 221 xvm.
1161 170 1514 221 nonnulis.
1562 167 1642 217 10.
1689 168 1772 217 11.

279 310 360 377 10
545 307 649 374 Sic
677 308 999 374 Eumenes
1030 306 1329 371 callidum
1358 307 1809 390 imperatorem
1847 305 2009 372 vicit
2036 305 2299 373 consilio

376 393 892 476 celeritatemque
934 391 1271 475 impedivit
1313 390 1468 473 eius,
1517 411 1726 473 neque
1767 394 1988 455 tamen
2030 391 2301 457 multum

317 493 349 544 ²
376 474 2126 628 {31952‘3}Mssssffioffffssffissessssssssssssffifflss2333}
2167 497 2307 625 332·

377 648 467 713 lio
495 584 919 728 discessisset,
962 645 1296 728 Antigono
1343 647 1441 707 est
1482 609 1750 726 dedffffi,
1800 582 1948 708 cui'n
1992 582 2311 710 exerliitus
2375 620 2378 647 ²

380 733 441 798 ei
482 735 583 796 ter
625 734 773 795 ante
818 728 1125 813 separatis
1154 728 1549 811 temporibus
1588 717 1967 792 iurasset-se
2013 749 2161 792 eum
2205 729 2309 793 de-

379 816 712 881 fensurum
752 833 961 896 neque
991 834 1296 895 umquam
1337 811 1748 877 deserturum.
1820 812 1931 876 sed
1958 815 2146 876 tanta
2182 813 2315 877 fuit

380 897 842 964 nonnullorum
884 896 1141 962 virtutis
1184 896 1565 961 obtrectatio
1580 947 1598 980 ,
1651 900 1728 960 ut
1767 894 1955 961 fidem
2014 897 2314 961 amittere

322 997 354 1045 3
383 983 650 1048 mallent
692 1003 884 1064 quam
928 1002 1074 1045 eum
1116 1001 1254 1045 non
1294 980 1576 1064 perdere.
1662 985 1854 1064 atque
1902 980 2077 1044 hunc
2121 982 2314 1047 Anti-

381 1088 589 1152 gonus
600 1115 619 1149 ,
679 1086 837 1157 pgm
893 1065 953 1128 ei
1014 1064 1245 1162 fuisset
1296 1064 1777 1148 infestissimuS,
1849 1072 2315 1149 conservasset,

382 1148 1605 1317 {31332530038353223333353513¹}ssss
1623 1149 2314 1317 ιὲξηὲζῖῗωῖῐαξέἓῗ
2376 1224 2377 1227 “

385 1320 532 1384 dere
573 1319 702 1383 iam
746 1318 1095 1414 apparebat
1137 1318 1452 1382 omnibus.
1525 1316 1952 1383 imminebant
1991 1317 2166 1382 enim
2201 1315 2314 1383 Se·

384 1404 623 1487 leucus,
652 1401 1089 1486 Lysimachus,
1131 1400 1556 1483 Ptolemaeus,
1587 1401 1816 1485 opibus
1845 1403 1974 1465 iam
2002 1401 2314 1486 valenteS,

386 1509 533 1554 cum
575 1488 806 1571 quibus
860 1487 920 1551 ei
963 1485 1039 1550 de
1100 1486 1362 1551 summis
1414 1486 1604 1571 rebus
1668 1490 1806 1551 erat
1858 1485 2312 1553 dimicandum.

327 1586 362 1636 4
392 1571 501 1637 sed
542 1594 678 1637 non
719 1572 891 1655 passi
945 1574 1096 1635 sunt
1135 1570 1212 1653 ii,
1269 1570 1381 1653 qui
1424 1570 1593 1635 circa
1644 1573 1854 1653 erant,
1913 1570 2085 1653 quod
2141 1570 2314 1636 vide·

389 1659 548 1722 bant
574 1655 862 1722 Eumene
904 1658 1160 1738 recepto
1208 1675 1429 1719 omnes
1471 1675 1623 1738 prae
1666 1654 1781 1718 illo
1808 1654 1993 1738 parvi
2035 1654 2315 1721 futuros.

388 1743 528 1826 ipse
580 1744 797 1804 autem
850 1739 1221 1824 Antigonus
1277 1737 1434 1803 adeo
1490 1742 1628 1803 erat
1677 1739 2006 1820 incensus,
2059 1744 2136 1803 ut
2188 1740 2316 1804 nisi

390 1846 626 1910 magna
667 1845 779 1908 spe
825 1844 1246 1888 maximarum
1287 1843 1500 1887 rerum
1543 1823 1732 1886 leniri
1772 1844 1911 1888 non
1953 1827 2192 1907 posset.

389 1996 597 2059 fectus
641 1989 974 2058 custodum
1004 1993 1370 2077 quaesisset,
1414 2014 1604 2090 quem
1647 1991 1727 2055 ad
1768 1991 2030 2057 modum
2074 1995 2318 2057 servari

304 2109 307 2113 “
391 2077 614 2161 vellet,
669 2082 765 2141 'ut
807 2079 1204 2156 acerrimum'
1262 2076 1477 2159 inquit
1523 2077 1798 2141 ‘leonem
1846 2080 1959 2141 aut
1998 2076 2318 2144 ferocissi-

390 2184 569 2228 mum
609 2161 1078 2245 elephantum’:
1120 2160 1409 2226 nondum
1454 2162 1626 2225 enim
1669 2164 2006 2242 statuerat,
2062 2182 2320 2228 conser-

332 2260 365 2310 2
395 2249 577 2311 varet
641 2265 787 2309 eum
850 2266 1071 2309 necne.
1171 2245 1470 2311 veniebat
1532 2248 1744 2309 autem
1814 2244 1896 2309 ad
1955 2244 2320 2312 Eumenem

390 2333 734 2411 utrumque
791 2346 994 2413 genus
1046 2328 1414 2413 hominum,
1481 2333 1548 2393 et
1600 2329 1712 2411 qui
1772 2332 2038 2413 propter
2097 2329 2322 2394 odium

390 2413 673 2478 fructum
716 2412 918 2477 oculis
972 2434 1049 2478 ex
1092 2414 1229 2477 eius
1280 2434 1428 2478 casu
1483 2433 1707 2497 capere
1762 2413 2029 2496 vellent,
2094 2418 2163 2478 et
2209 2415 2321 2506 qui

391 2500 657 2584 propter
698 2500 980 2562 veterem
1023 2497 1370 2562 amicitiam
1412 2497 1578 2563 collo
1627 2497 1695 2561 ui
1736 2497 2186 2581 consolarique
2217 2520 2321 2563 cu-

392 2585 651 2668 perent,
705 2581 894 2647 multi
952 2582 1174 2665 etiam,
1244 2582 1356 2665 qui
1410 2582 1544 2646 eius
1629 2602 1874 2647 ormam
1927 2602 2320 2667 cognoscere
2376 2599 2377 2602 ’

393 2666 754 2748 studebant,
799 2667 1003 2750 qualis
1048 2669 1232 2749 esset,
1277 2687 1467 2749 quem
1507 2670 1642 2730 tam
1686 2665 1796 2730 diu
1836 2670 2098 2750 tamque
2132 2666 2322 2730 valde

392 2752 787 2833 timuissent,
843 2752 1021 2815 cuius
1076 2751 1146 2814 in
1189 2750 1472 2833 pernicie
1514 2750 1791 2834 positam
1841 2770 2020 2835 spem
2059 2749 2321 2815 habuis·

335 2834 543 2902 ssent
583 2835 906 2900 victoriae.
993 2838 1062 2899 at
1100 2833 1451 2913 Eumenes,
1506 2854 1652 2922 (ΞΕ-ω
1696 2834 1932 2900 diutius
1973 2835 2045 2898 in
2088 2835 2323 2900 vinclis

394 2922 581 3002 esset,
610 2919 704 2984 ait
732 2918 1157 3001 Onomarcho,
1186 2939 1384 3002 penes
1414 2921 1600 3002 quem
1625 2940 1874 2984 summa
1900 2918 2156 3003 imperii
2187 2924 2325 2983 erat

394 3002 741 3086 custodiae,
771 3024 837 3068 se
867 3003 1087 3068 mirari
1151 3023 1348 3086 quare
1377 3003 1506 3067 iam
1534 3004 1797 3067 tertium
1827 3003 1994 3067 diem
2023 3003 2116 3067 sic
2144 3008 2322 3068 tene·

393 3093 600 3154 retur:
667 3108 801 3152 non
859 3088 1031 3151 enim
1084 3052 1210 3151 lloc
1277 3087 1621 3152 convenire
1676 3087 1994 3173 Antigoni
2045 3088 2323 3171 pruden-

394 3171 556 3251 tiae,
608 3174 685 3235 ut
727 3172 817 3238 sic
862 3170 1226 3234 deuteretur
1272 3171 1469 3235 victo:
1527 3171 1686 3255 quin
1736 3175 1851 3235 aut
1890 3170 2169 3236 interfici
2213 3176 2323 3236 aut

335 3261 371 3308 4
399 3252 684 3315 missum
707 3253 850 3316 fieri
890 3254 1157 3317 iuberet.
1254 3253 1362 3318 hic
1395 3275 1550 3332 cum
1590 3254 1866 3319 ferocius
1912 3254 2321 3322 Onomarcho

397 3330 579 3412 loqui
630 3334 984 3431 videretur,
1045 3334 1270 3418 ‘quid‘P
1328 3340 1456 3419 tu',
1501 3338 1742 3422 inquit,
1804 3338 2043 3403 ‘animo
2097 3339 2156 3403 si
2197 3340 2321 3404 isto

307 3481 312 3488 ,
400 3430 571 3489 erae,
629 3433 741 3476 cur
781 3436 918 3482 non
959 3439 1031 3481 in
1070 3419 1321 3501 proelio
1378 3420 1660 3486 cecidisti
1712 3422 1959 3506 potius,
2016 3443 2214 3505 quam
2255 3423 2319 3487 in
