2409 3825
294 522 358 571 10

293 942 357 991 15

290 1363 357 1412 20

289 1783 356 1833 25

288 2324 356 2373 30

1107 174 1416 232 CATVLLI

457 338 830 423 Ecquonam
871 337 1032 403 mihi
1117 337 1419 403 rofuisset
1461 359 1626 404 aere.

456 422 785 508 Respondi
825 422 894 487 id
937 443 1061 506 quo
1149 426 1315 505 erat,
1358 422 1525 487 nihil
1565 442 1774 507 neque
1815 422 1978 507 ipsis

457 506 523 573 N
525 529 597 573 ec
638 506 1037 592 praetoribus
1082 528 1222 571 esse
1263 527 1383 571 nec
1428 506 1707 590 cohorti,

461 591 591 658 Gur
632 592 967 676 quisquam
1010 594 1204 676 caput
1245 591 1498 657 unctius
1542 591 1841 676 referret,

458 676 841 741 Praesertim
884 675 1112 760 quibus
1154 677 1326 740 esset
1373 676 1729 741 inrumator

459 760 752 843 Praetor,
796 781 930 824 non
971 760 1212 824 faciens
1255 759 1371 843 pili
1415 759 1761 825 cohortem.

462 845 589 909 ‘At
630 848 801 909 certe
842 846 1088 927 tamen,
1132 844 1460 928 inquiunt,
1504 843 1677 927 quod
1716 844 1852 909 illic

456 927 700 994 Natum
745 927 975 993 dicitur
1018 949 1189 1011 esse,
1236 929 1598 1012 conparasti

458 1012 564 1078 Ad
606 1013 897 1076 lecticam
938 1011 1278 1077 homines?
1352 1033 1505 1098 ego,
1548 1015 1623 1076 ut
1662 1012 1917 1096 puellae

458 1095 676 1161 Vnum
717 1118 822 1161 me
863 1096 1138 1160 facerem
1181 1096 1560 1180 beatiorem,

461 1179 681 1246 ‘Non'
723 1180 986 1264 inquam
1032 1179 1228 1244 ‘mihi
1267 1184 1402 1245 tam
1440 1180 1568 1245 fuit
1606 1181 1919 1266 maligne,

457 1263 577 1348 Vt,
619 1264 952 1350 provincia
993 1264 1163 1348 quod
1204 1264 1380 1329 mala
1420 1264 1783 1348 incidisset,
1918 1332 1925 1337 ,

456 1349 609 1415 Non
649 1370 907 1434 possem
950 1352 1095 1413 octo
1139 1348 1433 1414 homines
1475 1371 1700 1433 parare
1740 1352 1996 1414 rectos?

459 1434 550 1499 At
591 1435 683 1498 mi
723 1434 939 1498 nullus
983 1437 1120 1497 erat
1161 1454 1282 1498 nec
1321 1432 1428 1497 hic
1469 1454 1676 1517 neque
1718 1433 1882 1516 illic,

459 1517 760 1584 Fractum
802 1518 913 1602 qui
953 1517 1187 1582 veteris
1229 1517 1458 1602 pedem
1499 1517 1752 1603 grabati

458 1602 538 1667 In
581 1603 746 1669 collo
801 1601 924 1666 sibi
968 1602 1279 1666 collocare
1321 1605 1559 1685 posset.
1634 1594 1641 1609 '

459 1686 585 1753 Hic
627 1686 770 1769 illa,
813 1688 886 1749 ut
928 1685 1142 1751 decuit
1184 1685 1637 1771 cinaediorem,

458 1776 477 1807 ‘
494 1771 776 1847 Quaeso’
820 1770 1031 1854 inquit
1074 1769 1299 1854 ‘mihi,
1343 1769 1434 1834 mi
1479 1769 1759 1852 Catulle,
1801 1769 2067 1867 paulum

459 1855 646 1921 Istos.
712 1854 1041 1920 commode
1084 1854 1257 1919 enim
1298 1854 1445 1919 volo
1490 1854 1571 1919 ad
1614 1853 1906 1940 Saraplm

457 1939 753 2005 Deferri.'
823 1940 1154 2004 ‘minime’
1200 1939 1407 2023 inquii
1447 1940 1726 2025 puellae3

950 2068 987 2106 *
1238 2066 1275 2106 *
1525 2067 1562 2106 *

458 2141 674 2206 ‘Istud
718 2142 887 2226 quod
929 2142 1120 2207 modo
1172 2142 1456 2207 dixeram
1499 2164 1602 2206 me
1643 2140 1912 2226 habere,

456 2224 653 2312 Fugit
691 2248 794 2290 me
835 2227 1033 2291 ratio:
1078 2248 1257 2292 meus
1301 2226 1538 2293 sodalis

456 2309 728 2375 Cinnast
770 2308 966 2374 Gaius
976 2359 996 2394 ,
1039 2311 1096 2374 is
1142 2311 1264 2375 sibi
1307 2311 1573 2395 paravit.

456 2393 724 2477 Verum,
769 2397 982 2459 utrum
1024 2394 1197 2459 illius
1243 2417 1328 2459 an
1368 2395 1525 2478 mei,
1569 2394 1722 2478 quid
1765 2394 1844 2459 ad
1888 2392 2040 2459 me?

456 2477 621 2544 Vtor
660 2482 796 2546 tam
837 2478 1000 2543 bene
1044 2500 1236 2563 quam
1279 2478 1439 2544 mihi
1480 2478 1778 2563 paratim.

458 2563 582 2628 Sed
622 2566 696 2627 tu
737 2563 981 2628 insulsa
1020 2564 1188 2627 male
1234 2585 1308 2630 ac
1350 2563 1625 2627 molesta
1662 2563 1857 2646 vivis,

361 2655 368 2661 ’
455 2647 579 2713 Per
621 2669 813 2732 quam
854 2668 990 2712 non
1034 2647 1186 2712 licet
1229 2669 1367 2713 esse
1408 2647 1891 2733 negligentem?

1185 2903 1313 2980 XL

455 3036 610 3102 Furi
652 3038 717 3101 et
757 3037 1014 3120 Aureli,
1062 3037 1328 3102 comites
1373 3036 1611 3101 Catulli

458 3120 603 3184 Sive
647 3121 717 3184 in
760 3124 1074 3185 extremos
1116 3121 1481 3204 penetrabit
1523 3085 1750 3202 InrlOS,

456 3201 637 3266 Litus
680 3208 755 3266 ut
795 3204 989 3287 longe
1031 3208 1372 3268 resonante
1413 3204 1557 3269 an

862 3287 1177 3351 Tunditur
1219 3288 1416 3370 unda,

457 3361 602 3427 Sive
644 3366 716 3429 in
756 3366 1093 3451 Hyrcanos
1135 3372 1461 3436 Arabesve
1503 3370 1759 3455 molles,

459 3441 586 3506 Seu
627 3445 820 3512 Sacas
864 3453 1335 3535 sagittiferosve
1377 3455 1677 3537 Parthos,
