2409 3825
660 178 867 227 xxm.
945 178 1330 228 nmmum„
1377 177 1458 227 12.
1504 177 1583 227 13.
1998 165 2081 231 97

145 314 488 413 recusavit,
529 333 614 379 ne
655 313 723 378 id
767 336 806 379 a
846 336 914 380 se
941 315 1083 380 fieri
1107 316 1527 400 postularent,
1574 316 1747 401 quod
1780 316 2082 383 adversus

147 400 249 465 ius
293 399 565 484 hosp1tii
594 402 787 464 esset:
831 399 975 484 ipsi,
1019 400 1076 464 si
1103 404 1386 485 possent,
1433 421 1575 466 eom
1620 401 2078 469 rehenderent:

146 482 385 567 locum,
426 483 540 549 ubi
581 486 764 567 esset,
815 483 1004 549 facile
1047 484 1445 550 inventuros.
1599 486 1865 551 annibal
1906 486 2082 553 enim

145 589 282 633 uno
325 569 471 634 loco
515 588 584 634 se
624 567 887 634 tenebat
925 568 998 633 in
1040 569 1323 653 castelle,
1412 568 1541 635 uod
1583 572 1644 635 ei
1698 592 1738 636 a
1778 589 1930 656 rege
1974 570 2082 637 ‹la-

144 655 291 717 tum
345 654 483 717 erat
535 651 814 735 muneri,
864 651 1056 736 idque
1099 653 1192 718 sie
1234 653 1377 718 aedi
1423 657 1617 738 oarat,
1661 658 1737 719 ut
1776 655 1849 719 in
1877 655 2083 721 omni-

145 737 270 801 bus
297 736 592 821 partibus
621 735 893 802 aedificii
923 737 1130 802 exitus
1158 737 1444 822 haberet,
1475 739 1720 805 scilieet
1746 759 1973 805 verens
1995 761 2080 805 ne

146 842 273 885 usu
301 821 569 903 veniret,
614 819 789 904 quod
828 819 1076 886 aecidit.
1163 820 1293 887 hue
1334 844 1481 888 oum
1522 824 1719 910 legati
1752 821 2075 890 Romano·
2102 837 2140 889 4

146 926 297 970 rum
333 905 664 970 venissent
723 926 798 970 ae
853 904 1265 971 multitudine
1319 900 1582 972 domum*
1635 908 1770 972 eius
1814 909 2081 975 eircum-

146 988 492 1072 dedissent,
535 1010 698 1073 puer
738 989 819 1053 ab
862 989 1057 1055 ianua
1094 991 1493 1074 prospiciens
1520 990 1875 1058 Hannibali
1917 993 2081 1059 dixit

144 1072 368 1172 plures
409 1077 667 1158 praeter
691 1073 1219 1139 consuetudinem
1262 1080 1539 1141 armatos
1568 1097 1892 1162 apparere.
1965 1079 2080 1162 qui

144 1158 494 1241 imperavit
533 1157 621 1243 ei,
677 1161 754 1223 ut
795 1178 1016 1223 omnes
1056 1157 1232 1224 fores
1273 1158 1547 1225 aedificii
1598 1161 1963 1227 circumiret
1988 1166 2079 1228 ‘ao

142 1241 600 1391 {tssfigsseff
641 1242 1004 1412 ἶὲἓῗῖὲὲ
1042 1242 1773 1413 οἳίὶῗέωῖοᾶξῗωωθέῗὲι
1792 1245 2078 1395 Ὓὲῗῖἰῗ
2102 1341 2135 1391 ⁵

144 1411 375 1496 Qet
418 1431 767 1495 omnesque
810 1411 1020 1476 exitus
1046 1377 1390 1495 occupatos
1434 1378 1834 1497 ostgnffisse’t,
1879 1415 2080 1479 sensit

144 1494 215 1559 id
255 1515 395 1559 non
423 1493 692 1561 fortuito
721 1493 984 1579 factum,
1029 1495 1140 1560 sed
1178 1516 1247 1563 se
1281 1496 1418 1580 peti
1444 1517 1655 1581 neque
1684 1496 1809 1562 sibi
1835 1496 2077 1565 diutius

143 1579 351 1644 vitam
395 1600 531 1645 esse
545 1579 979 1678 setinendam.
1066 1599 1261 1663 quam
1301 1599 1386 1645 ne
1429 1579 1641 1646 alieno
1673 1581 1940 1647 arbitrio
1985 1581 2077 1645 di-

27 1710 28 1713 ,
143 1663 451 1746 mitteret,
480 1683 728 1730 memor
752 1664 1171 1748 pastinatum
1197 1664 1511 1729 virtutum
1539 1685 1877 1750 venenum,
1900 1664 2076 1750 quod

27 1836 32 1845 ,
144 1767 401 1831 semper
442 1767 656 1813 seeum
697 1746 935 1813 habere
977 1752 1334 1834 consuerat,
1378 1749 1669 1846 sumpsit.

316 1829 423 1897 Sic
466 1831 568 1897 vir
612 1831 1026 1916 fortissimus,
1072 1832 1292 1897 multis
1336 1833 1654 1918 vanisque
1697 1833 2073 1919 perfunctus
2097 1833 2175 1899 13

142 1917 496 2001 laboribus,
540 1938 712 1982 anno
748 1918 1070 2001 acquievit
1096 1918 1588 2003 septuagesimo.
1662 1919 1894 2004 quibus
1924 1939 2075 1985 oon-

135 2001 394 2066 sulibus
447 2001 795 2085 interierit,
849 2023 987 2067 non
1041 2002 1364 2067 convenit.
1472 2023 1751 2086 namque
1814 2004 2074 2069 Atticus

29 2081 30 2088 '
141 2082 235 2150 M.
293 2084 562 2150 Claudio
615 2083 923 2150 Marcello
978 2083 1052 2161 Q.
1097 2084 1302 2150 Fabio
1355 2084 1655 2151 Labeone
1704 2087 2075 2153 oonsulibus

28 2555 40 2582 ,
142 2505 561 2571 d1stnctusn

141 2174 475 2235 mortuum
526 2169 599 2234 in
639 2169 859 2234 annali
902 2191 1018 2234 suo
1074 2170 1199 2234 sori
1243 2173 1385 2234 tum
1437 2170 1727 2255 reliquit,
1773 2175 1841 2236 at
1882 2166 2077 2256 Poly-

140 2253 292 2318 bius
332 2252 409 2318 L.
438 2253 716 2319 Aemilio
759 2253 963 2319 Paulo
1005 2252 1121 2319 On.
1228 2254 1413 2320 aebio
1456 2254 1820 2340 Tamphilo,
1864 2253 2075 2340 Sulpi-

142 2338 282 2402 oius
325 2341 540 2403 autem
582 2336 805 2402 Blitho
858 2337 933 2403 P.
978 2336 1281 2404 Cornelio
1339 2337 1627 2426 Cethego
1690 2337 1780 2404 M.
1825 2338 2070 2405 Baebio

140 2420 507 2520 Tamphilo.
617 2426 811 2570 ast-que
873 2420 981 2486 hio
1046 2425 1267 2487 tantus
1329 2422 1433 2487 vir
1493 2423 1820 2508 tantisque
1884 2423 2070 2488 bellis
2099 2434 2132 2483 2

190 2505 206 2519 ‘
561 2526 600 2572 o
771 2505 786 2519 '
856 2507 1165 2590 temporis
1196 2506 1431 2573 tribuit
1468 2507 1720 2573 litteris.
1793 2527 2074 2591 namque
2228 2557 2235 2564 .

140 2590 397 2674 aliquot
437 2590 573 2658 eius
614 2590 765 2655 libri
805 2593 988 2674 sunt,
1034 2588 1282 2655 Graeco
1324 2611 1619 2656 sermone
1661 2589 1959 2674 confecti,
2001 2591 2074 2657 in

140 2673 223 2739 iis
267 2671 352 2738 ad
392 2672 682 2739 Rhodios
736 2673 815 2738 de
857 2671 975 2741 Gn.
1020 2671 1253 2739 Manlii
1294 2673 1606 2740 Vulsonis
1657 2674 1730 2739 in
1777 2675 1938 2739 Asia
1977 2695 2073 2739 re·
2172 2663 2201 2754 ί

139 2758 264 2823 bus
309 2757 526 2843 gestia
611 2757 804 2823 huius
845 2758 1002 2823 belli
1053 2762 1238 2843 gesta
1292 2759 1480 2823 multi
1518 2758 1882 2858 ‘memoriae
1968 2778 2070 2824 ro·
2098 2769 2132 2819 3

29 2859 32 2888 ν
141 2840 474 2924 diderunt,
519 2840 630 2906 sed
673 2864 751 2907 ex
792 2841 895 2906 his
939 2841 1085 2927 duo,
1131 2842 1245 2926 qui
1287 2863 1435 2907 oum
1464 2864 1541 2908 eo
1570 2845 1641 2908 in
1683 2845 1907 2909 castus
2010 2861 2071 2909 e-

29 3061 30 3064 *
140 3008 401 3076 Silenus
443 3014 511 3075 et

29 2953 30 2956 ¹
139 2929 301 2991 runt
340 2926 531 2990 simul
577 2947 658 2990 ue
699 2926 970 2991 vixerun
1070 2925 1376 3010 quamdiu
1416 2926 1682 2992 fortuna
1721 2947 1910 3011 passa
1952 2931 2069 3011 est,

534 2946 782 3075 gosilus
808 2930 1372 3076 Laoefiaemonius.
1455 3014 1648 3096 atque
1689 3011 1817 3075 hoe
1859 3008 2070 3077 Sosilo
2166 3065 2170 3069 Α

33 3167 36 3168 ⁷
139 3092 473 3159 Hannibal
512 3093 873 3159 litterarum
915 3093 1304 3160 Graecarum
1345 3115 1500 3160 usus
1542 3099 1641 3160 est
1682 3093 1962 3160 doctore.

310 3175 439 3250 Sed
478 3197 601 3243 nos
641 3182 895 3277 tempus
938 3181 1038 3276 est
1076 3178 1270 3243 huius
1311 3178 1462 3243 libri
1503 3177 1712 3245 faeere
1754 3178 1962 3278 ‘finem
2004 3181 2072 3243 et
2097 3187 2135 3239 4

138 3259 585 3327 Romanorum
628 3261 942 3348 exphoare
984 3266 1422 3361 1mpe1sa3toreS,
1474 3283 1603 3347 quo
1645 3261 1900 3361 faossms
1942 3262 2071 3359 ool-

69 3370 77 3379 ·
138 3345 291 3411 latis
317 3349 739 3432 utrorumque
760 3346 967 3430 factis,
990 3366 1101 3430 qut
1116 3367 1242 3410 vm
1262 3345 1666 3431 praeferendi
1695 3349 1842 3430 smt,
1865 3348 2070 3430 possit

29 3445 32 3462 ¹
138 3430 431 3497 iudicari.

244 3532 509 3576 comm·
533 3533 701 3577 Nanos.
1218 3498 1225 3503 -
1626 3533 1661 3581 ‘1
