2409 3825
190 356 304 409 1335
332 365 443 406 nec
471 354 732 425 poterant
760 346 929 405 ullam
952 355 1167 423 partem
1188 345 1505 406 redducere
1529 363 1757 407 eorum:

55 477 56 482 1
337 429 670 507 diffugiebat
692 432 840 489 enim
863 433 1075 489 varium
1093 448 1278 507 genus
1303 445 1470 491 omne
1493 430 1764 498 ferarurm

55 495 67 708 ἐ
334 524 396 573 ut
423 531 572 573 nunc
595 531 776 591 saepe
795 511 977 573 boves
1002 511 1167 573 lucae
1191 514 1347 574 ferro
1366 514 1512 574 male
1533 524 1757 573 mactae.
1785 510 1796 519 ’

336 597 667 674 diffugiunt,
692 597 815 656 fera
841 596 956 657 fata
978 599 1095 656 suis
1121 614 1247 656 cum
1270 598 1440 657 multa
1464 597 1699 660 dedere.

337 684 425 741 sic
456 682 560 740 fuit
581 689 641 739 ut
661 680 938 740 facerent.
966 680 1071 739 sed
1089 683 1189 741 vix
1210 680 1463 741 adducor
1483 691 1578 758 ut,
1605 689 1734 741 ante

189 772 309 826 1340
337 783 502 844 quam
527 780 820 824 commune
847 764 1052 823 malum
1075 765 1240 825 lieret
1266 765 1641 844 foedumque,
1675 764 1918 824 futurum

334 866 448 911 non
472 849 712 927 quierint
732 850 913 908 animo
937 851 1289 925 praesentire
1319 859 1489 927 atque
1513 849 1730 909 videre.

340 933 423 1011 [et
444 932 624 1009 magis
651 929 708 990 id
733 932 924 1009 possis
944 931 1154 992 factum
1184 933 1530 992 contendere
1552 934 1608 991 in
1629 934 1776 991 omni

335 1018 392 1075 in
412 1017 583 1075 variis
611 1015 828 1075 mundis
850 1017 1004 1076 varia
1025 1018 1244 1075 ratione
1275 1018 1481 1076 creatis

338 1117 502 1177 quam
525 1101 876 1177 certo'atque
897 1116 1008 1158 uno
1032 1107 1305 1159 terrarum
1329 1099 1583 1178 quolibet
1611 1100 1756 1178 orbi]

186 1189 307 1244 1345
338 1183 441 1243 sed
464 1184 659 1246 facere
688 1181 746 1242 id
767 1199 881 1242 non
907 1191 1019 1242 tam
1038 1184 1302 1243 vincendi
1333 1200 1440 1261 spe
1464 1184 1794 1261 voluerunt,

338 1285 504 1345 quam
526 1266 662 1326 dare
684 1266 836 1344 quod
856 1276 1151 1344 gemerent
1170 1268 1370 1327 hostes
1384 1312 1401 1344 ‚
1428 1268 1653 1345 ipsique
1678 1270 1868 1344 perire
1884 1313 1902 1344 ‚

337 1352 432 1429 qui
457 1366 691 1410 numero
719 1349 1047 1410 diffidebant
1067 1353 1349 1429 armisque
1370 1351 1660 1411 vacabant.

420 1433 642 1494 Nexilis
663 1442 793 1493 ante
818 1434 924 1494 fuit
943 1436 1124 1494 vestis
1148 1452 1314 1512 quam
1337 1434 1537 1494 textile
1560 1443 1805 1511 tegmen.

53 1527 60 1652 p
337 1518 534 1578 textile
564 1525 697 1594 post
717 1518 1011 1594 ferrumst‚
1036 1520 1169 1596 quia
1190 1518 1344 1577 ferro
1372 1517 1487 1578 tela
1505 1527 1761 1596 paratur,

187 1608 311 1663 1350
336 1620 443 1661 nec
465 1605 682 1661 ratione
703 1601 810 1661 alia
832 1610 1072 1679 possunt
1090 1611 1201 1662 tam
1223 1602 1370 1661 levia
1393 1603 1550 1679 gigni

49 1687 70 1822 ἰ
338 1686 519 1745 insilia
539 1703 608 1745 ac
629 1685 772 1761 fusi,
800 1685 974 1761 radii,
1007 1687 1285 1764 scapique
1308 1694 1595 1745 sonantes,

54 1829 60 1838 ,
337 1778 395 1827 et
416 1769 611 1829 facere
634 1777 763 1829 ante
783 1770 937 1828 viros
958 1768 1138 1829 lanam
1160 1778 1356 1829 natura
1382 1770 1576 1845 coegit

335 1872 499 1932 quam
520 1852 794 1913 muliebre
816 1855 1029 1931 genus:
1052 1872 1178 1914 nam
1207 1853 1379 1932 longe
1406 1861 1654 1931 praestat
1675 1853 1732 1912 in
1755 1859 1874 1912 arte

337 1947 394 1996 et
415 1937 703 1997 sollertius
726 1947 815 1997 est
837 1937 1012 1997 multo
1034 1956 1219 2014 genus
1243 1955 1407 1997 omne
1432 1936 1626 2004 virile;

179 2027 306 2081 1355
336 2020 622 2097 agricolae
646 2020 830 2080 donec
851 2023 987 2080 vitio
1009 2030 1238 2081 vertere
1267 2022 1455 2081 severi
1470 2067 1489 2098 ,

335 2113 394 2164 ut
418 2104 781 2164 muliebribus
801 2104 861 2164 id
882 2105 1135 2165 manibus
1160 2104 1483 2164 concedere
1505 2105 1720 2164 vellent

336 2196 504 2266 atque
527 2190 638 2266 ipsi
660 2190 871 2265 pariter
893 2188 1089 2248 durum
1108 2190 1348 2249 sufferre
1371 2188 1624 2249 laborem
1639 2233 1657 2265 ‚

336 2281 502 2350 atque
526 2289 705 2350 opere
735 2273 790 2331 In
823 2271 961 2331 duro
987 2272 1250 2333 durarent
1271 2273 1517 2333 membra
1542 2271 1873 2350 manusque.

416 2356 492 2415 At
516 2357 808 2434 specimen
828 2358 1059 2416 sationis
1083 2364 1140 2415 et
1161 2358 1437 2416 insitionis
1460 2359 1621 2434 origo

176 2446 304 2502 1360
330 2441 455 2518 ipsa
479 2439 585 2498 fuit
604 2457 789 2498 rerum
811 2441 1047 2518 primum
1066 2450 1262 2500 natura
1286 2441 1529 2499 creatrix
1542 2486 1558 2515 ‚

334 2523 630 2583 arboribus
653 2524 916 2600 quoniam
936 2523 1114 2583 bacae
1133 2521 1489 2601 glandesque
1514 2522 1764 2582 caducae

49 2582 62 2675 Γ
330 2606 671 2684 tempestiva
693 2607 896 2667 dabant
916 2608 1196 2685 pullorum
1225 2609 1477 2666 examina
1501 2615 1727 2683 supter;

49 2688 50 2695 ’
333 2689 481 2750 unde
506 2692 671 2750 etiam
694 2691 961 2752 libitumst
983 2693 1175 2769 stirpis
1200 2689 1740 2749 cominittere'ramis

334 2781 392 2832 et
416 2791 563 2834 nova
586 2773 858 2834 defodere
879 2778 934 2835 in
958 2784 1162 2834 terram
1181 2772 1422 2851 virgulta
1445 2789 1554 2849 per
1575 2786 1765 2849 agros·

174 2854 299 2922 1365
329 2857 461 2917 inde
485 2857 650 2919 aliam
677 2866 848 2937 atque
870 2858 1033 2918 aliam
1055 2858 1326 2919 culturam
1351 2854 1532 2916 dulcis
1555 2855 1726 2935 agelli

330 2942 707 3020 temptabant,
732 2942 1066 3021 fructusque
1089 2943 1248 3002 feros
1270 2958 1671 3001 mansuescere
1699 2948 1903 3001 terram

49 2990 52 3117 ἱ
333 3025 641 3086 cernebant
661 3025 1007 3103 indulgendo
1034 3024 1354 3103 blandeque
1381 3023 1646 3084 colendo.

330 3109 504 3187 inque
527 3108 650 3169 dies
670 3112 850 3187 magis
871 3113 929 3170 in
949 3118 1194 3169 montem
1218 3109 1536 3170 succedere
1560 3107 1732 3167 silvas

333 3193 622 3269 cogebant
643 3193 901 3272 infraque
925 3193 1116 3254 locum
1140 3193 1465 3253 concedere
1490 3191 1656 3252 cultis
1671 3237 1688 3269 ‚

49 3164 58 3365 r
173 3283 303 3337 1370
331 3285 490 3352 prata
513 3276 671 3336 lacus
693 3278 849 3337 rivos
871 3286 1103 3356 segetes
1129 3279 1435 3355 vinetaque
1457 3275 1604 3335 laeta

49 3378 52 3495 ,
331 3358 575 3420 collibus
599 3370 656 3420 et
678 3363 893 3440 campis
917 3370 977 3420 ut
999 3361 1304 3436 haberent,
1337 3370 1507 3437 atque
1532 3358 1784 3418 olearum

329 3443 559 3504 caerula
580 3442 933 3522 distinguens
955 3447 1101 3504 inter
1124 3443 1293 3521 plaga
1316 3460 1546 3502 currere
1572 3451 1777 3519 posset

49 3602 52 3645 t
242 3531 565 3588 Lucam-lus.
609 3566 616 3569 ,
1773 3522 1850 3584 ll

49 3684 52 3719 ἱ

49 3750 60 3791 ι

2027 178 2169 247 ’161
