2409 3825
35 2565 54 2692 ἶ

787 191 985 241 XXIV.
1059 190 1259 242 CATO.
1302 189 1352 240 2.
1393 190 1444 240 3.
2001 180 2086 248 99

157 327 552 425 triumphum
604 310 983 424 deportarit.
1070 327 1164 393 ibi
1219 348 1365 407 Q
1419 327 1657 395 diutius
1705 335 2081 417 moraretur,
2110 346 2165 396 2·

155 412 224 478 P.
270 409 489 495 Sc1pio
544 410 891 476 Afncanus
950 411 1177 477 consul
1230 412 1493 497 iterum,
1538 414 1718 479 cuius
1759 414 1830 480 in
1882 416 2087 502 priori

157 495 496 563 consulatu
550 499 853 580 quaestor
905 495 1120 561 fuerat
1191 496 1402 562 voluit
1444 518 1589 562 eum
1633 496 1710 563 de
1751 501 2086 584 provincia

156 579 474 665 depellere
519 584 585 644 et
627 580 766 665 ipse
811 579 870 644 ei
922 545 1286 663 succedere,
1328 602 1539 666 neque
1580 582 1706 647 hoc
1748 602 1866 667 per
1906 605 2085 652 sena-
2138 578 2149 585 ¹

154 670 293 731 tum
338 663 592 729 efficere
684 663 871 747 otuit,
917 685 1063 743 cum
1106 663 1364 749 quidem
1395 664 1609 750 Scipio
1651 668 2086 753 principatum

153 751 224 814 in
277 748 537 814 civitate
597 769 635 813 o
681 748 947 831 tineret,
1005 746 1179 833 quod
1232 753 1373 814 tum
1417 771 1553 815 non
1590 753 1915 837 potentia,
1972 753 2085 819 sed

152 835 290 898 iure
334 854 436 897 res
478 831 739 916 publica
781 830 1362 898 administrabatur.
1460 854 1588 919 qua
1640 857 1716 899 ex
1768 857 1838 900 re
1879 837 2084 903 iratus

154 917 442 999 senatui,
501 916 838 981 consulatu
878 919 1137 999 peracto
1180 918 1470 1001 privatus
1512 918 1584 984 in
1626 921 1782 985 urbe
1823 922 2079 987 mansit.

152 1005 222 1067 at
275 1001 467 1084 Cato,
526 1021 753 1065 censor
805 1020 952 1065 cum
1007 999 1232 1091 eodem
1282 996 1512 1068 Flacco
1567 1002 1804 1088 factus,
1861 1026 2077 1071 severe
2105 1017 2139 1068 3

150 1083 437 1171 praefuit
479 1083 542 1149 ei
582 1085 907 1169 potestati.
993 1105 1148 1149 nam
1190 1085 1257 1149 et
1283 1085 1369 1150 -in
1418 1106 1561 1152 eom
1606 1087 1778 1153 lures
1830 1089 2080 1155 nobiles

152 1167 608 1236 animadvertit
650 1171 717 1233 et
755 1168 992 1233 multas
1035 1188 1137 1234 res
1180 1190 1385 1237 novas
1412 1170 1484 1235 in
1590 1171 1786 1237 ictum
1817 1173 2079 1259 addidit,

152 1276 283 1339 qua
325 1274 396 1318 re
437 1252 696 1318 luxuria
731 1252 1215 1351 reprimeretur,
1258 1275 1424 1338 quae
1465 1254 1596 1320 iam
1636 1260 1778 1322 tum
1818 1257 2081 1342 incipie-

149 1339 265 1405 bat
317 1337 656 1423 pullulare.
752 1338 1005 1402 circiter
1058 1357 1267 1404 annos
1321 1338 1653 1424 octoginta
1740 1361 1942 1425 usque
1996 1342 2078 1407 ad
2104 1353 2141 1403 4

152 1424 506 1488 extremam
535 1424 810 1487 aetatem
839 1423 922 1487 ab
950 1420 1400 1506 adulescentia,
1442 1423 1538 1487 rei
1565 1389 1858 1507 publicae
1888 1444 2081 1490 eausa

151 1507 480 1591 suscipere
521 1504 898 1572 inimicitias
933 1526 1071 1570 non
1116 1505 1377 1573 desfitit.
1465 1529 1507 1572 a
1544 1507 1764 1574 multis
1792 1511 2080 1575 tentatus

35 1622 36 1625 ¹
147 1613 290 1658 non
331 1589 524 1656 modo
567 1589 821 1656 nullum
876 1589 1331 1655 detrimentum
1373 1591 1863 1658 existimationis
1903 1592 2077 1679 fecit,

149 1674 282 1760 sed,
373 1673 541 1741 uoad
583 1674 774 1758 vixit,
816 1673 1130 1740 virtutum
1170 1673 1359 1740 laude
1403 1676 1620 1741 crevit.

445 1759 745 1824 omnibus
786 1760 976 1824 rebus
1019 1759 1335 1845 singulari
1375 1758 1504 1825 fuit
1541 1760 1885 1827 industria:
1927 1782 2081 1827 nam
2108 1762 2150 1827 3

35 1846 40 1855 '
148 1848 217 1910 et
244 1843 535 1930 agricola
562 1842 786 1909 sollers
815 1846 881 1908 et
989 1843 1152 1908 ritus
1171 1844 1334 1910 iuris
1354 1844 1684 1910 consultus
1714 1848 1780 1910 et
1804 1867 1869 1910 m
2001 1867 2078 1913 us

146 1931 505 2015 imperator
546 1932 612 1994 et
647 1927 914 2012 probab‘
943 1929 1004 1994 is
1044 1932 1263 1994 orator
1315 1932 1382 1994 et
1422 1929 1866 2015 cupidissimus
1957 1934 2078 1997 tte-

144 2036 369 2081 rarum
407 2012 553 2079 fuit.
641 2034 911 2097 quarum
953 2012 1238 2079 studium
1279 2014 1400 2079 etsi
1441 2015 1658 2080 senior
1699 2015 2073 2100 arripuerat,
2101 2027 2145 2104 2⁴

35 2087 38 2114 ’
144 2102 371 2198 tamen
410 2100 668 2163 tantum
708 2118 1117 2245 profu-essum
1157 2097 1332 2181 fecit,
1375 2102 1450 2163 ut
1488 2119 1626 2164 non
1666 2097 1856 2165 facile
1898 2115 2078 2184 repe-

146 2183 266 2250 nri
357 2182 518 2248 ossit
558 2193 768 2265 neque
855 2204 889 2246 e
920 2180 1182 2248 Graecis
1223 2202 1433 2266 neque
1477 2181 1553 2248 de
1581 2181 1823 2248 Italicis
1864 2181 2074 2269 rebus,

147 2289 238 2354 qu
367 2266 433 2331 ei
473 2265 672 2331 fuerit
709 2265 1133 2355 incognitum.
1204 2263 1288 2332 ab
1328 2265 1757 2335 adulescentia
1797 2265 2076 2334 confecit
2101 2280 2134 2331 3

161 2352 512 2418 orationes.
597 2369 792 2415 senex
832 2350 1138 2418 historias
1179 2351 1456 2417 scribere
1482 2351 1782 2418 instituit.
1857 2371 2077 2419 earum

147 2440 305 2503 sunt
345 2435 498 2501 libri
542 2438 814 2520 septem.
876 2435 1123 2519 primus
1151 2435 1442 2501 continet
1477 2455 1580 2502 res
1609 2440 1822 2521 gestas
1849 2457 2079 2521 regum

148 2520 381 2607 populi
427 2517 742 2602 Romani,
796 2518 1110 2584 secundus
1163 2521 1230 2584 et
1279 2520 1508 2585 tertius
1559 2519 1729 2585 unde
1785 2539 2079 2619 quaeque

150 2605 384 2671 civitas
427 2607 569 2669 orta
609 2603 696 2669 sit
734 2600 992 2688 Italica,
1047 2603 1131 2668 ob
1173 2623 1367 2688 quam
1418 2623 1556 2668 rem
1600 2624 1822 2670 omnes
1867 2602 2077 2690 Ongi-

147 2710 265 2755 nes
332 2687 587 2753 videtur
651 2687 1027 2771 appellasse.
1134 2687 1208 2751 in
1266 2691 1497 2773 quarto
1559 2692 1774 2754 autem
1832 2688 2077 2753 bellum

146 2772 529 2869 Poenicum·
550 2774 651 2837 est
689 2771 969 2856 primum
979 2821 999 2855 ,
1053 2770 1125 2836 in
1163 2772 1392 2855 quinto
1445 2773 1824 2839 secundum:
1880 2775 2076 2857 atque

35 2867 71 2943 Ρ,
145 2858 309 2923 haec
354 2877 573 2924 omma
614 2854 1014 2940 capitulatim
1056 2860 1210 2921 sunt
1252 2854 1440 2921 dicta.
1527 2856 1777 2942 reliqua
1817 2877 2073 2943 quoque
2099 2867 2137 2919 4

34 2995 52 3188 ἰ,

35 3211 44 3350 l

144 2942 320 3007 bella
359 2942 502 3026 pari
542 2939 736 3007 modo
779 2944 1148 3024 persecutus
1191 2944 1290 3005 est
1330 2959 1531 3026 usque
1583 2940 1668 3007 ad
1706 2946 2077 3027 praeturam

146 3024 358 3093 Servii
403 3024 678 3109 Galbae,
721 3025 832 3109 qui
876 3024 1142 3109 diripuit
1182 3023 1557 3091 Lusitanos:
1608 3029 1799 3111 atque
1841 3024 2076 3090 horum

143 3109 466 3177 bellorum
509 3109 699 3174 duces
739 3129 876 3174 non
916 3109 1307 3192 nominavit,
1362 3108 1475 3175 sed
1524 3109 1663 3175 sine
1702 3109 2075 3175 nominibus

143 3216 247 3262 res
289 3194 562 3294 notavit.
649 3193 724 3259 in
775 3192 1013 3259 eisdem
1056 3193 1368 3291 exposuit,
1398 3213 1577 3278 ,quae
1619 3193 1715 3293 in·
1729 3191 1922 3259 Italia
1958 3191 2077 3293 Hi-
2172 3253 2177 3258 .

185 3278 1100 3463 uibugqulssawiriigdgtliiaag
1128 3276 1851 3447 dvil‘igrezlizigrcomparet,
1893 3297 2076 3428 nullu:

397 3469 455 3516 a.

1592 3549 1662 3598 ⁷·
