2409 3825
1113 162 1195 221 vl

327 350 445 410 quo
468 332 649 409 magis
672 329 743 390 ad
767 330 931 406 nubis
959 329 1250 407 augendas
1273 330 1446 390 multa
1466 330 1730 391 videntur

328 433 511 494 posse
535 432 766 493 quoque
788 432 822 473 e
847 412 999 474 salso
1025 430 1377 491 consurgere
1408 414 1652 473 momine
1678 417 1869 491 ponti:

169 509 299 563 475
332 518 462 559 nam
483 500 626 559 ratio
652 498 1127 574 consanguineast
1153 498 1444 557 umoribus
1467 495 1616 557 ollis.

329 592 632 661 praeterea
655 581 839 641 fluviis
863 599 939 640 ex
966 582 1227 641 omnibus
1249 590 1308 640 et
1333 579 1497 642 simul
1521 581 1646 659 ipsa

329 676 572 743 surgere
599 664 669 725 de
692 675 844 725 terra
867 663 1108 725 nebulas
1128 673 1465 743 aestumque
1491 664 1751 726 videmus
1766 710 1785 742 ,

330 768 479 828 quae
501 747 659 810 velut
680 746 886 808 halitus
907 748 1039 820 hinc
1062 749 1384 812 itasursum
1406 766 1685 824 expressa
1712 749 1971 808 feruntur

328 832 768 911 suffunduntque
794 850 893 891 sua
924 830 1145 892 caelum
1170 830 1413 909 caligine
1439 842 1498 892 et
1521 830 1664 891 altas

171 926 304 980 480
329 917 617 977 sufficiunt
638 916 803 977 nubis
828 915 1097 992 paulatim
1121 914 1549 976 conveniundo:

331 1010 500 1078 urget
522 1001 670 1059 enim
693 1017 922 1078 quoque
946 999 1204 1077 signiferi
1228 1016 1405 1076 super
1425 999 1674 1059 aetheris
1702 1009 1895 1059 aestus

338 1094 396 1144 et
419 1085 577 1163 quasi
600 1082 894 1144 densendo
916 1083 1171 1144 subtexit
1196 1082 1423 1143 caerula
1446 1083 1666 1144 nimbis.

339 1168 398 1227 fit
430 1184 658 1245 quoque
689 1176 749 1226 ut
769 1166 881 1227 huc
904 1169 1128 1227 veniant
1148 1168 1205 1225 in
1231 1165 1452 1227 caelum
1476 1169 1837 1228 extrinsecus
1859 1166 1955 1226 illa

337 1251 578 1329 corpora
601 1269 746 1328 quae
776 1251 988 1311 faciunt
1011 1250 1176 1311 nubis
1197 1251 1534 1330 nimbosque
1556 1250 1831 1311 volantis:

181 1342 303 1396 485
332 1334 796 1406 innumerabilem
819 1337 969 1394 enim
1002 1353 1296 1394 numerum
1324 1353 1707 1413 summamque
1733 1335 1997 1412 profundi

330 1437 465 1477 esse
490 1418 756 1478 infinitam
787 1417 990 1496 docui,
1018 1428 1339 1497 quantaque
1362 1418 1621 1479 volarent

332 1518 574 1579 corpora
597 1500 909 1562 mobilitate
934 1501 1157 1562 ostendi
1183 1520 1462 1581 quamque
1490 1511 1734 1581 repente

333 1585 756 1645 inmemorabile
772 1603 894 1664 per
915 1587 1158 1663 spatium
1179 1588 1422 1647 transire
1447 1584 1724 1646 solerent.

332 1668 465 1729 haut
489 1670 660 1746 igitur
679 1671 966 1747 mirumst,
992 1671 1039 1730 si
1063 1687 1241 1748 parvo
1264 1680 1526 1748 tempore
1550 1687 1728 1748 saepe

186 1761 305 1813 490
335 1762 447 1812 tam
471 1770 705 1829 magnae
729 1752 895 1815 molis
918 1763 1235 1832 tempestas
1257 1762 1429 1832 atque
1452 1752 1731 1813 tenebrae

336 1837 633 1914 coperiant
649 1838 823 1896 maria
845 1855 915 1897 ac
935 1846 1117 1896 terras
1139 1838 1379 1917 inpensa
1407 1854 1657 1916 superne
1674 1881 1694 1915 ,

333 1920 580 2000 undique
605 1921 1058 2000 quandoquidem
1081 1940 1187 2000 per
1212 1921 1402 1984 caulas
1422 1922 1672 1982 aetheris
1699 1924 1880 1982 omnis

336 2015 392 2065 et
417 2006 575 2083 quasi
601 2022 705 2082 per
724 2007 912 2081 magni
938 2006 1149 2064 circum
1172 2005 1458 2084 spiracula
1479 2005 1668 2065 mundi

336 2090 520 2148 exitus
543 2090 918 2166 introitusque
942 2088 1245 2151 elementis
1273 2089 1526 2150 redditus
1558 2099 1732 2150 extat.

193 2179 308 2233 495
418 2169 583 2232 Nunc
604 2189 713 2249 age
730 2217 748 2249 ,
775 2190 888 2251 quo
915 2183 1086 2250 pacto
1109 2172 1337 2252 pluvius
1362 2183 1701 2234 concrescat
1723 2173 1779 2231 in
1800 2172 1931 2233 altis

334 2255 579 2315 nubibus
601 2273 763 2314 umor
778 2300 795 2332 ,
822 2265 880 2316 et
906 2258 963 2315 in
984 2265 1169 2317 terras
1196 2256 1477 2321 demissus
1501 2267 1562 2318 ut
1589 2258 1771 2325 imber

334 2339 592 2415 decidat,
625 2338 941 2417 expediam.
967 2341 1207 2418 primum
1235 2341 1342 2399 iam
1367 2343 1580 2401 semina
1602 2343 1766 2420 aquai

335 2420 507 2482 multa
528 2420 693 2481 simul
715 2424 937 2481 vincam
963 2440 1313 2502 consurgere
1337 2425 1579 2485 nubibus
1604 2427 1746 2503 ipsis

337 2505 597 2565 omnibus
620 2523 694 2565 ex
715 2506 920 2582 rebus,
950 2508 1277 2586 pariterque
1300 2510 1376 2569 ita
1400 2526 1671 2569 crescere
1694 2518 1995 2585 utrumque
2013 2552 2031 2583 ,

200 2598 313 2650 500
338 2598 396 2648 et
418 2588 583 2648 nubis
599 2634 617 2666 ‚
645 2599 705 2649 et
725 2607 924 2667 aquam
940 2635 957 2666 ‚
986 2608 1377 2669 quaecumque
1407 2593 1464 2650 in
1485 2593 1730 2652 nubibus
1755 2600 1950 2667 extat,

337 2673 637 2749 ut‘pariter
656 2673 821 2733 nobis
847 2690 1058 2750 corpus
1085 2691 1213 2734 cum
1241 2676 1516 2751 sanguine
1548 2676 1794 2750 crescit,

2041 160 2161 225 177

338 2754 515 2815 sudor
535 2756 669 2815 item
685 2803 702 2833 ‚
726 2765 897 2835 atque
919 2774 1081 2816 umor
1105 2759 1448 2836 quicumque
1473 2765 1562 2817 est
1585 2754 1830 2834 denique
1856 2757 2135 2818 membris,

338 2840 666 2916 concipiunt
688 2842 856 2899 etiam
877 2840 1111 2899 multum
1135 2858 1365 2920 quoque
1389 2858 1567 2919 saepe
1593 2842 1860 2900 marinum

334 2939 587 2982 umorem
604 2967 622 3000 ‚
647 2921 827 2984 veluti
848 2924 1154 3002 pendentia
1180 2924 1400 2985 vellera
1421 2924 1583 2985 lanae
1598 2970 1616 3001 ‚

18 3031 23 3080 l
201 3016 310 3068 505
341 3024 471 3065 cum
492 3024 701 3084 supera
721 3025 979 3084 magnum
1005 3025 1159 3069 mare
1181 3011 1336 3069 venti
1359 3008 1548 3070 nubila
1571 3017 1813 3088 portant.

337 3089 615 3149 consimili
635 3092 853 3151 ratione
880 3109 954 3150 ex
977 3093 1235 3153 omnibus
1257 3094 1512 3153 amnibus
1535 3111 1696 3152 umor

334 3171 553 3232 tollitur
575 3175 630 3232 in
651 3175 836 3236 nubis.
862 3193 976 3253 quo
1002 3194 1128 3234 cum
1151 3176 1299 3235 bene
1325 3177 1537 3237 semina
1559 3194 1827 3255 aquarum

334 3256 508 3316 multa
531 3256 714 3317 modis
735 3261 924 3318 multis
950 3276 1275 3319 convenere
1297 3260 1544 3338 undique
1567 3261 1807 3320 adaucta
1823 3305 1842 3337 ‚

339 3340 634 3401 confertae
656 3342 839 3401 nubes
868 3342 1079 3402 imbris
1104 3344 1405 3403 demittere
1431 3354 1650 3404 certant

201 3434 312 3485 510
340 3422 675 3502 dupliciter:
699 3442 825 3483 nam
844 3427 931 3486 vis
953 3427 1107 3484 venti
1133 3425 1445 3501 contrudit,
1480 3435 1536 3485 et
1560 3428 1684 3503 ipsa

249 3514 568 3566 Lucam-1115.
1753 3508 1831 3566 12
