2409 3825
35 0 220 358 Γ
1037 171 1087 227 V
1939 172 2060 236 155

229 334 574 414 praesidium
597 352 770 412 reges
799 335 910 414 ipsi
938 337 1044 397 sibi
1069 338 1503 415 perfugiumque
1520 383 1538 414 ‚

231 431 290 479 et
319 436 503 498 pecus
528 429 698 497 atque
724 435 896 495 agros
918 418 1164 480 divisere
1186 430 1357 498 atque
1382 421 1591 482 dedere

232 519 338 580 pro
369 501 518 562 faeie
551 503 827 585 cuiusque
851 512 908 562 et
929 504 1139 564 viribus
1169 505 1545 582 ingenioque:

95 595 206 648 1110
232 604 361 645 nam
391 586 571 646 facies
592 583 821 645 multum
847 585 1019 646 valuit
1045 589 1314 665 viresque
1345 590 1642 667 vigorque.

200 670 523 749 ‘posterius
552 687 647 730 res
675 671 953 729 inventast
977 688 1284 749 aurumque
1307 682 1593 750 repertum
1610 720 1627 750 ,

237 752 392 835 quod
411 751 583 812 facile
605 761 663 812 et
682 751 882 813 validis
906 762 965 813 et
986 753 1240 832 pulchris
1271 754 1513 834 dempsit
1535 755 1837 816 honorem:

186 859 210 869 ·
234 837 507 897 divitioris
532 837 679 896 enim
702 845 917 898 sectam
940 835 1274 916 plerumque
1295 849 1565 899 secuntur

37 982 38 985 Ἴ
237 919 562 998 quemlubet
585 928 644 980 et
670 920 850 980 fortes
880 929 939 980 et
960 921 1202 999 pulchro
1231 939 1475 1000 corpore
1504 926 1679 1013 etQ

37 1050 38 1069 2
92 1012 205 1064 1115
235 1003 386 1082 quod
416 1005 594 1081 siquis
615 1021 748 1064 vera
778 1005 947 1063 vitam
975 1007 1191 1066 ratione
1214 1006 1528 1084 gubernet,

37 1086 38 1113 ³
191 1162 220 1176 ο
237 1087 461 1147 divitiae
490 1086 732 1164 grandes
755 1087 960 1147 homini
985 1098 1114 1150 sunt
1135 1091 1332 1150 vivere
1353 1109 1525 1169 parce

234 1187 419 1248 aequo
441 1171 653 1231 animo:
681 1190 868 1250 neque
894 1174 1040 1232 enim
1062 1183 1152 1233 est
1175 1192 1434 1252 umquam
1456 1177 1686 1251 penuria
1709 1179 1884 1255 parvi.

235 1264 289 1314 at
313 1253 499 1314 claros
529 1254 784 1316 homines
812 1254 1113 1318 voluerunt
1142 1277 1207 1318 se
1230 1267 1401 1336 atque
1426 1268 1693 1336 potentes
1712 1305 1729 1335 ,

35 1406 36 1413 ἵ
234 1347 294 1394 ut
313 1334 673 1398 fundamento
696 1337 882 1399 stabili
896 1339 1116 1400 fortuna
1139 1351 1392 1402 maneret

91 1429 206 1481 ’.120
235 1431 290 1480 et
313 1421 592 1499 placidam
613 1432 849 1500 possent
870 1423 1123 1502 opulenti
1154 1424 1369 1502 degere
1392 1425 1559 1485 vitam
1577 1470 1596 1502 ‚

235 1506 602 1582 nequiquam,
630 1507 888 1583 quoniam
908 1506 978 1566 ad
1005 1526 1277 1568 summum
1306 1508 1623 1569 succedere
1652 1509 1924 1569 honorem

35 446 50 793 *m-—ss

35 1318 38 1375 't

35 1536 38 1663 f
240 1597 521 1648 certantes
541 1589 649 1648 iter
669 1589 934 1650 infestum
956 1590 1153 1652 fecere
1174 1592 1318 1668 viai,

35 1668 38 1737 [²
238 1680 294 1730 et
316 1682 501 1731 tamen
529 1691 560 1730 e
587 1689 834 1749 summe,
864 1675 1020 1750 quasi
1044 1674 1291 1751 fulmen,
1315 1673 1487 1734 deicit
1508 1676 1654 1734 ictos

35 1746 38 1781 ⁵
133 1782 139 1787 ·
237 1754 437 1814 invidia
464 1755 740 1815 interdum
765 1761 1127 1836 contemptim
1155 1760 1212 1817 in
1235 1757 1460 1818 Tartara
1488 1767 1693 1825 taetra:

35 1798 46 1853 ἃ
86 1848 204 1898 1325
236 1848 291 1897 ut
312 1839 484 1898 satius
508 1837 682 1899 multo
711 1841 817 1899 iam
845 1841 915 1900 sit
937 1859 1139 1920 parere
1164 1843 1413 1920 quietum

35 1931 42 2032 ὶ
236 1941 396 2000 quam
424 1941 634 2000 regere
662 1925 900 2002 imperio
924 1944 1020 1986 res
1042 1925 1196 1985 velle
1221 1936 1280 1986 et
1302 1944 1475 2003 regna
1501 1935 1718 1986 tenere.

236 2005 473 2084 proinde
503 2009 626 2067 sine
649 2008 704 2066 in
729 2025 949 2067 cassum
973 2008 1188 2069 defessi
1216 2010 1490 2086 sanguine
1511 2009 1745 2087 sudent,

234 2099 532 2167 angustum
554 2110 660 2169 per
688 2092 796 2151 iter
824 2090 1105 2154 luctantes
1128 2094 1475 2160 ambitionis;

237 2172 681 2251 quandoquidem
706 2177 926 2253 sapiunt
953 2175 1140 2236 alieno
1163 2195 1240 2236 ex
1262 2194 1361 2236 ore
1389 2185 1700 2256 petuntque

81 2265 209 2317 1130
232 2274 325 2317 res
350 2275 425 2315 ex
446 2257 647 2318 auditis
672 2260 857 2337 potius
882 2278 1045 2337 quam
1069 2261 1333 2321 sensibus
1362 2262 1501 2339 ipsis
1517 2306 1534 2338 ‚

236 2349 344 2400 nee
366 2342 544 2417 magis
567 2341 623 2400 id
645 2360 793 2402 nuuc
821 2353 911 2402 est
940 2362 1126 2422 neque
1150 2346 1257 2404 erit
1285 2361 1417 2403 mox
1439 2362 1599 2422 quam
1623 2342 1724 2404 fuit
1752 2354 1880 2404 ante
1899 2389 1917 2421 ,

235 2423 437 2483 invidia
461 2427 719 2502 quoniam
734 2471 752 2504 ,
778 2444 884 2485 ceu
907 2425 1137 2487 fulmine
1152 2474 1170 2505 ‚
1196 2445 1406 2487 summa
1429 2437 1699 2505 vaporant

236 2506 567 2585 plerumque
593 2519 650 2569 et
675 2528 817 2587 quae
842 2505 977 2569 sunt'
995 2510 1119 2572 aliis
1144 2512 1322 2588 magis
1345 2509 1493 2571 edita
1518 2529 1774 2589 cumque.

315 2589 474 2667 Ergo
499 2592 732 2669 regibus
756 2595 965 2655 occisis
996 2595 1270 2656 subversa
1290 2594 1510 2656 iacebat

80 2680 207 2734 1135
234 2676 466 2752 pristina
487 2678 747 2736 maiestas
771 2675 1040 2737 soliorum
1063 2688 1120 2738 et
1149 2686 1380 2754 sceptra
1409 2676 1654 2754 superba
1670 2722 1688 2753 ‚

235 2767 292 2817 et
316 2758 516 2836 capitis
542 2761 738 2818 summi
764 2759 1116 2837 praeclarum
1144 2762 1368 2838 insigne
1393 2769 1681 2820 cruentum

235 2842 338 2901 sub
370 2840 613 2918 pedibus
640 2841 796 2921 vulgi
817 2862 1076 2922 magnum
1098 2844 1332 2923 lugebat
1355 2844 1656 2903 honorem:

233 2943 356 2984 nam
389 2925 595 3003 cupide
627 2926 994 2987 conculcatur
1020 2928 1182 2988 nimis
1209 2936 1339 2997 ante
1363 2936 1649 2987 metutum.

231 3026 326 3071 res
348 3009 537 3086 itaque
559 3008 627 3068 ad
653 3028 920 3071 summam
942 3011 1162 3072 faecem
1185 3012 1494 3090 turbasque
1518 3010 1770 3086 redibat,

73 3097 204 3150 1140
231 3093 525 3171 imperium
552 3092 659 3151 sibi
690 3112 818 3153 cum
838 3111 907 3154 ac
931 3104 1260 3155 summatum
1289 3097 1529 3173 quisque
1561 3094 1805 3172 petebat.

233 3177 359 3236 inde
389 3175 772 3253 magistratum
795 3179 995 3255 partim
1018 3178 1269 3238 docuere
1299 3196 1494 3238 creare
1512 3225 1529 3255 ‚

234 3257 465 3337 iuraque
491 3262 835 3322 constituere
856 3308 874 3339 ‚
902 3272 962 3322 ut
983 3260 1198 3322 vellent
1226 3260 1454 3339 legibus
1483 3264 1580 3331 uti‚

235 3361 356 3403 nam
380 3362 563 3420 genus
585 3344 878 3404 humanum
896 3391 914 3422 ‚
941 3345 1229 3405 defessum
1248 3347 1305 3403 vi
1334 3344 1528 3405 colere
1558 3361 1755 3405 aevom
1775 3390 1793 3421 ,

235 3445 308 3486 ex
336 3428 637 3487 inimicitiis
666 3427 998 3505 languebat3
1023 3444 1136 3506 quo
1165 3429 1344 3504 magis
1373 3429 1557 3505 ipsum
