<?xml version="1.0" encoding="UTF-8"?>
<!DOCTYPE html PUBLIC "-//W3C//DTD XHTML 1.0 Transitional//EN"
    "http://www.w3.org/TR/xhtml1/DTD/xhtml1-transitional.dtd">
<html xmlns="http://www.w3.org/1999/xhtml" xml:lang="en" lang="en">
 <head>
  <title>
</title>
<meta http-equiv="Content-Type" content="text/html;charset=utf-8" />
  <meta name='ocr-system' content='tesseract 3.04.00' />
  <meta name='ocr-capabilities' content='ocr_page ocr_carea ocr_par ocr_line ocrx_word'/>
</head>
<body>
  <div class='ocr_page' id='page_1' title='image "./tlucreticarider01unkngoog_0055.png"; bbox 0 0 2409 3825; ppageno 0'>
   <div class='ocr_carea' id='block_1_1' title="bbox 42 2 420 118">
    <p class='ocr_par' dir='ltr' id='par_1_1' title="bbox 42 2 420 118">
     <span class='ocr_line' id='line_1_1' title="bbox 42 2 420 118; baseline 0 3707"><span class='ocrx_word' id='word_1_1' title='bbox 42 2 420 118; x_wconf 95' lang='lat' dir='ltr'><strong> </strong></span> 
     </span>
    </p>
   </div>
   <div class='ocr_carea' id='block_1_2' title="bbox 1176 169 1233 231">
    <p class='ocr_par' dir='ltr' id='par_1_2' title="bbox 1176 169 1233 231">
     <span class='ocr_line' id='line_1_2' title="bbox 1176 169 1233 231; baseline 0 0"><span class='ocrx_word' id='word_1_2' title='bbox 1176 169 1233 231; x_wconf 94' lang='lat'><strong>11</strong></span> 
     </span>
    </p>
   </div>
   <div class='ocr_carea' id='block_1_3' title="bbox 242 334 1892 666">
    <p class='ocr_par' dir='ltr' id='par_1_3' title="bbox 242 334 1892 666">
     <span class='ocr_line' id='line_1_3' title="bbox 242 334 1776 415; baseline -0.001 -15"><span class='ocrx_word' id='word_1_3' title='bbox 242 348 341 400; x_wconf 73' lang='lat'><strong>145</strong></span> <span class='ocrx_word' id='word_1_4' title='bbox 363 347 429 399; x_wconf 86' lang='lat' dir='ltr'><strong>et</strong></span> <span class='ocrx_word' id='word_1_5' title='bbox 449 338 643 396; x_wconf 85' lang='lat' dir='ltr'><strong>variae</strong></span> <span class='ocrx_word' id='word_1_6' title='bbox 665 334 938 397; x_wconf 84' lang='lat' dir='ltr'><strong>volucres</strong></span> <span class='ocrx_word' id='word_1_7' title='bbox 958 354 1188 397; x_wconf 87' lang='lat' dir='ltr'><strong>nemora</strong></span> <span class='ocrx_word' id='word_1_8' title='bbox 1211 338 1335 397; x_wconf 86' lang='lat' dir='ltr'><strong>avia</strong></span> <span class='ocrx_word' id='word_1_9' title='bbox 1357 335 1776 415; x_wconf 83' lang='lat' dir='ltr'><strong>pervolitantes</strong></span> 
     </span>
     <span class='ocr_line' id='line_1_4' title="bbox 367 419 1892 501; baseline 0.001 -19"><span class='ocrx_word' id='word_1_10' title='bbox 367 426 507 482; x_wconf 67' lang='lat' dir='ltr'><strong>aera</strong></span> <span class='ocrx_word' id='word_1_11' title='bbox 528 437 638 500; x_wconf 91' lang='lat' dir='ltr'><strong>per</strong></span> <span class='ocrx_word' id='word_1_12' title='bbox 654 428 915 480; x_wconf 83' lang='lat' dir='ltr'><strong>tenerum</strong></span> <span class='ocrx_word' id='word_1_13' title='bbox 941 419 1169 500; x_wconf 79' lang='lat' dir='ltr'>liquidis</span> <span class='ocrx_word' id='word_1_14' title='bbox 1192 420 1324 481; x_wconf 88' lang='lat' dir='ltr'><strong>loca</strong></span> <span class='ocrx_word' id='word_1_15' title='bbox 1343 436 1420 479; x_wconf 85' lang='lat' dir='ltr'><strong>vo</strong></span> <span class='ocrx_word' id='word_1_16' title='bbox 1431 419 1592 480; x_wconf 86' lang='lat' dir='ltr'><strong>cibus</strong></span> <span class='ocrx_word' id='word_1_17' title='bbox 1617 420 1892 501; x_wconf 81' lang='lat' dir='ltr'><strong>opplent,</strong></span> 
     </span>
     <span class='ocr_line' id='line_1_5' title="bbox 369 502 1667 602; baseline 0.001 -38"><span class='ocrx_word' id='word_1_18' title='bbox 369 522 538 584; x_wconf 86' lang='lat' dir='ltr'><strong>quam</strong></span> <span class='ocrx_word' id='word_1_19' title='bbox 565 503 759 564; x_wconf 85' lang='lat' dir='ltr'><strong>subito</strong></span> <span class='ocrx_word' id='word_1_20' title='bbox 779 502 967 565; x_wconf 87' lang='lat' dir='ltr'><strong>soleat</strong></span> <span class='ocrx_word' id='word_1_21' title='bbox 983 503 1075 566; x_wconf 89' lang='lat' dir='ltr'><strong>sol</strong></span> <span class='ocrx_word' id='word_1_22' title='bbox 1100 513 1259 565; x_wconf 88' lang='lat' dir='ltr'><strong>ortus</strong></span> <span class='ocrx_word' id='word_1_23' title='bbox 1280 512 1547 602; x_wconf 79' lang='lat' dir='ltr'><strong>tempore</strong></span> <span class='ocrx_word' id='word_1_24' title='bbox 1569 504 1667 565; x_wconf 84' lang='lat' dir='ltr'><strong>tali</strong></span> 
     </span>
     <span class='ocr_line' id='line_1_6' title="bbox 373 586 1607 666; baseline -0.001 -18"><span class='ocrx_word' id='word_1_25' title='bbox 373 590 706 649; x_wconf 79' lang='lat' dir='ltr'><strong>convestire</strong></span> <span class='ocrx_word' id='word_1_26' title='bbox 727 604 832 647; x_wconf 86' lang='lat' dir='ltr'><strong>sua</strong></span> <span class='ocrx_word' id='word_1_27' title='bbox 853 587 1203 666; x_wconf 79' lang='lat' dir='ltr'><strong>perfundens</strong></span> <span class='ocrx_word' id='word_1_28' title='bbox 1228 588 1412 647; x_wconf 86' lang='lat' dir='ltr'><strong>omnia</strong></span> <span class='ocrx_word' id='word_1_29' title='bbox 1434 586 1569 647; x_wconf 91' lang='lat' dir='ltr'><strong>luce</strong></span> <span class='ocrx_word' id='word_1_30' title='bbox 1588 632 1607 664; x_wconf 89' lang='lat'>‚</span> 
     </span>
    </p>
   </div>
   <div class='ocr_carea' id='block_1_4' title="bbox 374 671 1974 751">
    <p class='ocr_par' dir='ltr' id='par_1_4' title="bbox 374 671 1974 751">
     <span class='ocr_line' id='line_1_7' title="bbox 374 671 1974 751; baseline 0 -18"><span class='ocrx_word' id='word_1_31' title='bbox 374 672 677 733; x_wconf 74' lang='lat' dir='ltr'><strong>omnihus·</strong></span> <span class='ocrx_word' id='word_1_32' title='bbox 658 689 717 730; x_wconf 88' lang='lat' dir='ltr'><strong>m</strong></span> <span class='ocrx_word' id='word_1_33' title='bbox 738 682 1004 751; x_wconf 90' lang='lat' dir='ltr'><strong>promptu</strong></span> <span class='ocrx_word' id='word_1_34' title='bbox 1031 671 1508 750; x_wconf 84' lang='lat' dir='ltr'><strong>manifestumque</strong></span> <span class='ocrx_word' id='word_1_35' title='bbox 1533 689 1670 733; x_wconf 88' lang='lat' dir='ltr'><strong>esse</strong></span> <span class='ocrx_word' id='word_1_36' title='bbox 1697 672 1974 735; x_wconf 81' lang='lat' dir='ltr'><strong>videmus.</strong></span> 
     </span>
    </p>
   </div>
   <div class='ocr_carea' id='block_1_5' title="bbox 166 754 1940 3430">
    <p class='ocr_par' dir='ltr' id='par_1_5' title="bbox 248 754 1867 1169">
     <span class='ocr_line' id='line_1_8' title="bbox 248 754 1867 836; baseline 0.001 -19"><span class='ocrx_word' id='word_1_37' title='bbox 248 765 352 819; x_wconf 83' lang='lat'><strong>150</strong></span> <span class='ocrx_word' id='word_1_38' title='bbox 372 765 429 816; x_wconf 84' lang='lat' dir='ltr'><strong>at</strong></span> <span class='ocrx_word' id='word_1_39' title='bbox 452 772 635 834; x_wconf 84' lang='lat' dir='ltr'><strong>vapor</strong></span> <span class='ocrx_word' id='word_1_40' title='bbox 654 756 705 816; x_wconf 88' lang='lat' dir='ltr'><strong>is</strong></span> <span class='ocrx_word' id='word_1_41' title='bbox 733 773 903 834; x_wconf 87' lang='lat' dir='ltr'><strong>quem</strong></span> <span class='ocrx_word' id='word_1_42' title='bbox 925 755 1016 816; x_wconf 90' lang='lat' dir='ltr'><strong>sol</strong></span> <span class='ocrx_word' id='word_1_43' title='bbox 1040 756 1207 816; x_wconf 88' lang='lat' dir='ltr'><strong>mittit</strong></span> <span class='ocrx_word' id='word_1_44' title='bbox 1233 754 1542 834; x_wconf 81' lang='lat' dir='ltr'><strong>lumenque</strong></span> <span class='ocrx_word' id='word_1_45' title='bbox 1568 773 1867 836; x_wconf 85' lang='lat' dir='ltr'><strong>serenum,</strong></span> 
     </span>
     <span class='ocr_line' id='line_1_9' title="bbox 374 837 1753 918; baseline 0.001 -19"><span class='ocrx_word' id='word_1_46' title='bbox 374 857 491 900; x_wconf 91' lang='lat' dir='ltr'><strong>non</strong></span> <span class='ocrx_word' id='word_1_47' title='bbox 512 856 621 918; x_wconf 91' lang='lat' dir='ltr'><strong>per</strong></span> <span class='ocrx_word' id='word_1_48' title='bbox 639 840 806 900; x_wconf 83' lang='lat' dir='ltr'><strong>inane</strong></span> <span class='ocrx_word' id='word_1_49' title='bbox 829 848 978 899; x_wconf 85' lang='lat' dir='ltr'><strong>meat</strong></span> <span class='ocrx_word' id='word_1_50' title='bbox 999 857 1271 907; x_wconf 69' lang='lat' dir='ltr'><strong>vacuum</strong></span> <span class='ocrx_word' id='word_1_51' title='bbox 1296 855 1409 918; x_wconf 89' lang='lat' dir='ltr'><strong>quo</strong></span> <span class='ocrx_word' id='word_1_52' title='bbox 1433 837 1647 900; x_wconf 72' lang='lat' dir='ltr'><strong>tardIus</strong></span> <span class='ocrx_word' id='word_1_53' title='bbox 1667 841 1753 901; x_wconf 87' lang='lat' dir='ltr'><strong>ire</strong></span> 
     </span>
     <span class='ocr_line' id='line_1_10' title="bbox 379 922 1770 1002; baseline 0 -18"><span class='ocrx_word' id='word_1_54' title='bbox 379 926 640 1000; x_wconf 84' lang='lat' dir='ltr'><strong>cogitur,</strong></span> <span class='ocrx_word' id='word_1_55' title='bbox 663 924 848 983; x_wconf 68' lang='lat' dir='ltr'><strong>aerias</strong></span> <span class='ocrx_word' id='word_1_56' title='bbox 872 925 1034 1002; x_wconf 80' lang='lat' dir='ltr'>quasi</span> <span class='ocrx_word' id='word_1_57' title='bbox 1057 923 1188 983; x_wconf 92' lang='lat' dir='ltr'><strong>dum</strong></span> <span class='ocrx_word' id='word_1_58' title='bbox 1211 922 1539 983; x_wconf 80' lang='lat' dir='ltr'>diverberet</span> <span class='ocrx_word' id='word_1_59' title='bbox 1560 922 1770 985; x_wconf 82' lang='lat' dir='ltr'><strong>undas:</strong></span> 
     </span>
     <span class='ocr_line' id='line_1_11' title="bbox 374 1004 1744 1086; baseline 0.002 -20"><span class='ocrx_word' id='word_1_60' title='bbox 374 1025 487 1067; x_wconf 91' lang='lat' dir='ltr'><strong>nec</strong></span> <span class='ocrx_word' id='word_1_61' title='bbox 512 1004 839 1083; x_wconf 86' lang='lat' dir='ltr'><strong>singillatim</strong></span> <span class='ocrx_word' id='word_1_62' title='bbox 861 1005 1209 1086; x_wconf 86' lang='lat' dir='ltr'><strong>corpuscula</strong></span> <span class='ocrx_word' id='word_1_63' title='bbox 1231 1024 1494 1086; x_wconf 87' lang='lat' dir='ltr'><strong>quaeque</strong></span> <span class='ocrx_word' id='word_1_64' title='bbox 1515 1010 1744 1084; x_wconf 86' lang='lat' dir='ltr'><strong>vaporis</strong></span> 
     </span>
     <span class='ocr_line' id='line_1_12' title="bbox 377 1087 1821 1169; baseline 0.001 -18"><span class='ocrx_word' id='word_1_65' title='bbox 377 1090 485 1151; x_wconf 88' lang='lat' dir='ltr'><strong>sed</strong></span> <span class='ocrx_word' id='word_1_66' title='bbox 508 1087 811 1169; x_wconf 80' lang='lat' dir='ltr'><strong>complexa</strong></span> <span class='ocrx_word' id='word_1_67' title='bbox 837 1099 1025 1151; x_wconf 85' lang='lat' dir='ltr'><strong>meant</strong></span> <span class='ocrx_word' id='word_1_68' title='bbox 1046 1092 1195 1151; x_wconf 88' lang='lat' dir='ltr'><strong>inter</strong></span> <span class='ocrx_word' id='word_1_69' title='bbox 1220 1108 1287 1152; x_wconf 87' lang='lat' dir='ltr'><strong>se</strong></span> <span class='ocrx_word' id='word_1_70' title='bbox 1313 1107 1538 1169; x_wconf 90' lang='lat' dir='ltr'><strong>conque</strong></span> <span class='ocrx_word' id='word_1_71' title='bbox 1559 1090 1821 1167; x_wconf 86' lang='lat' dir='ltr'><strong>globata;</strong></span> 
     </span>
    </p>

    <p class='ocr_par' dir='ltr' id='par_1_6' title="bbox 253 1172 1918 1590">
     <span class='ocr_line' id='line_1_13' title="bbox 253 1172 1828 1257; baseline -0.001 -21"><span class='ocrx_word' id='word_1_72' title='bbox 253 1182 353 1236; x_wconf 81' lang='lat'><strong>155</strong></span> <span class='ocrx_word' id='word_1_73' title='bbox 381 1183 733 1254; x_wconf 85' lang='lat' dir='ltr'><strong>quapropter</strong></span> <span class='ocrx_word' id='word_1_74' title='bbox 752 1173 919 1234; x_wconf 88' lang='lat' dir='ltr'><strong>simul</strong></span> <span class='ocrx_word' id='word_1_75' title='bbox 942 1176 1092 1235; x_wconf 88' lang='lat' dir='ltr'><strong>inter</strong></span> <span class='ocrx_word' id='word_1_76' title='bbox 1112 1193 1180 1235; x_wconf 90' lang='lat' dir='ltr'><strong>se</strong></span> <span class='ocrx_word' id='word_1_77' title='bbox 1201 1172 1561 1234; x_wconf 87' lang='lat' dir='ltr'><strong>retrahuntur</strong></span> <span class='ocrx_word' id='word_1_78' title='bbox 1581 1183 1641 1235; x_wconf 92' lang='lat' dir='ltr'><strong>et</strong></span> <span class='ocrx_word' id='word_1_79' title='bbox 1664 1184 1828 1257; x_wconf 75' lang='lat' dir='ltr'><strong>extra</strong></span> 
     </span>
     <span class='ocr_line' id='line_1_14' title="bbox 378 1257 1506 1336; baseline -0.003 -17"><span class='ocrx_word' id='word_1_80' title='bbox 378 1257 703 1319; x_wconf 84' lang='lat' dir='ltr'><strong>officiuntur</strong></span> <span class='ocrx_word' id='word_1_81' title='bbox 718 1302 736 1334; x_wconf 89' lang='lat'>‚</span> <span class='ocrx_word' id='word_1_82' title='bbox 760 1259 840 1317; x_wconf 90' lang='lat' dir='ltr'><strong>uti</strong></span> <span class='ocrx_word' id='word_1_83' title='bbox 865 1267 1141 1336; x_wconf 80' lang='lat' dir='ltr'><strong>cogantur</strong></span> <span class='ocrx_word' id='word_1_84' title='bbox 1167 1257 1381 1318; x_wconf 87' lang='lat' dir='ltr'><strong>tardius</strong></span> <span class='ocrx_word' id='word_1_85' title='bbox 1404 1259 1506 1317; x_wconf 92' lang='lat' dir='ltr'><strong>ire.</strong></span> 
     </span>
     <span class='ocr_line' id='line_1_15' title="bbox 377 1339 1708 1421; baseline -0.002 -19"><span class='ocrx_word' id='word_1_86' title='bbox 377 1351 432 1402; x_wconf 86' lang='lat' dir='ltr'><strong>at</strong></span> <span class='ocrx_word' id='word_1_87' title='bbox 456 1359 603 1421; x_wconf 88' lang='lat' dir='ltr'><strong>quae</strong></span> <span class='ocrx_word' id='word_1_88' title='bbox 626 1350 757 1403; x_wconf 86' lang='lat' dir='ltr'><strong>sunt</strong></span> <span class='ocrx_word' id='word_1_89' title='bbox 782 1340 967 1403; x_wconf 84' lang='lat' dir='ltr'><strong>solida</strong></span> <span class='ocrx_word' id='word_1_90' title='bbox 988 1342 1294 1421; x_wconf 88' lang='lat' dir='ltr'><strong>primordia</strong></span> <span class='ocrx_word' id='word_1_91' title='bbox 1313 1339 1708 1420; x_wconf 80' lang='lat' dir='ltr'>simplicitate,</span> 
     </span>
     <span class='ocr_line' id='line_1_16' title="bbox 379 1427 1918 1504; baseline -0.001 -19"><span class='ocrx_word' id='word_1_92' title='bbox 379 1444 506 1485; x_wconf 88' lang='lat' dir='ltr'><strong>cum</strong></span> <span class='ocrx_word' id='word_1_93' title='bbox 529 1443 636 1504; x_wconf 90' lang='lat' dir='ltr'><strong>per</strong></span> <span class='ocrx_word' id='word_1_94' title='bbox 655 1427 819 1486; x_wconf 85' lang='lat' dir='ltr'><strong>inane</strong></span> <span class='ocrx_word' id='word_1_95' title='bbox 841 1435 1029 1487; x_wconf 84' lang='lat' dir='ltr'><strong>meant</strong></span> <span class='ocrx_word' id='word_1_96' title='bbox 1050 1444 1292 1486; x_wconf 84' lang='lat' dir='ltr'><strong>vacuum</strong></span> <span class='ocrx_word' id='word_1_97' title='bbox 1307 1471 1326 1503; x_wconf 90' lang='lat'>‚</span> <span class='ocrx_word' id='word_1_98' title='bbox 1351 1443 1463 1485; x_wconf 91' lang='lat' dir='ltr'><strong>nec</strong></span> <span class='ocrx_word' id='word_1_99' title='bbox 1486 1443 1583 1486; x_wconf 89' lang='lat' dir='ltr'><strong>res</strong></span> <span class='ocrx_word' id='word_1_100' title='bbox 1606 1433 1918 1485; x_wconf 79' lang='lat' dir='ltr'><strong>remoratur</strong></span> 
     </span>
     <span class='ocr_line' id='line_1_17' title="bbox 377 1508 1738 1590; baseline -0.002 -21"><span class='ocrx_word' id='word_1_101' title='bbox 377 1508 492 1569; x_wconf 85' lang='lat' dir='ltr'><strong>ulla</strong></span> <span class='ocrx_word' id='word_1_102' title='bbox 517 1509 658 1570; x_wconf 87' lang='lat' dir='ltr'><strong>foris</strong></span> <span class='ocrx_word' id='word_1_103' title='bbox 674 1554 693 1587; x_wconf 90' lang='lat'>,</span> <span class='ocrx_word' id='word_1_104' title='bbox 716 1518 886 1587; x_wconf 86' lang='lat' dir='ltr'><strong>atque</strong></span> <span class='ocrx_word' id='word_1_105' title='bbox 908 1511 1034 1589; x_wconf 88' lang='lat' dir='ltr'><strong>ipsa</strong></span> <span class='ocrx_word' id='word_1_106' title='bbox 1055 1512 1174 1571; x_wconf 87' lang='lat' dir='ltr'><strong>suis</strong></span> <span class='ocrx_word' id='word_1_107' title='bbox 1199 1530 1234 1571; x_wconf 93' lang='lat' dir='ltr'><strong>e</strong></span> <span class='ocrx_word' id='word_1_108' title='bbox 1255 1509 1509 1590; x_wconf 83' lang='lat' dir='ltr'><strong>partibus</strong></span> <span class='ocrx_word' id='word_1_109' title='bbox 1535 1526 1703 1567; x_wconf 91' lang='lat' dir='ltr'><strong>unum</strong></span> <span class='ocrx_word' id='word_1_110' title='bbox 1718 1553 1738 1585; x_wconf 91' lang='lat'>,</span> 
     </span>
    </p>

    <p class='ocr_par' dir='ltr' id='par_1_7' title="bbox 258 1591 1885 2009">
     <span class='ocr_line' id='line_1_18' title="bbox 258 1591 1885 1674; baseline -0.003 -20"><span class='ocrx_word' id='word_1_111' title='bbox 258 1602 358 1657; x_wconf 86' lang='grc'><strong>160</strong></span> <span class='ocrx_word' id='word_1_112' title='bbox 376 1611 546 1652; x_wconf 89' lang='lat' dir='ltr'><strong>unum</strong></span> <span class='ocrx_word' id='word_1_113' title='bbox 563 1638 582 1670; x_wconf 86' lang='lat'>,</span> <span class='ocrx_word' id='word_1_114' title='bbox 605 1595 662 1667; x_wconf 88' lang='lat' dir='ltr'><strong>in</strong></span> <span class='ocrx_word' id='word_1_115' title='bbox 685 1611 855 1672; x_wconf 87' lang='lat' dir='ltr'><strong>quem</strong></span> <span class='ocrx_word' id='word_1_116' title='bbox 879 1611 1132 1674; x_wconf 89' lang='lat' dir='ltr'><strong>coepere</strong></span> <span class='ocrx_word' id='word_1_117' title='bbox 1155 1593 1348 1654; x_wconf 90' lang='lat' dir='ltr'><strong>locum</strong></span> <span class='ocrx_word' id='word_1_118' title='bbox 1372 1594 1576 1654; x_wconf 81' lang='lat' dir='ltr'>conixa</span> <span class='ocrx_word' id='word_1_119' title='bbox 1598 1591 1885 1668; x_wconf 86' lang='lat' dir='ltr'><strong>feruntur,</strong></span> 
     </span>
     <span class='ocr_line' id='line_1_19' title="bbox 380 1675 1723 1756; baseline -0.001 -19"><span class='ocrx_word' id='word_1_120' title='bbox 380 1676 592 1738; x_wconf 89' lang='lat' dir='ltr'><strong>debent</strong></span> <span class='ocrx_word' id='word_1_121' title='bbox 607 1723 625 1755; x_wconf 86' lang='lat'><strong>,</strong></span> <span class='ocrx_word' id='word_1_122' title='bbox 648 1678 706 1736; x_wconf 92' lang='lat' dir='ltr'><strong>ni</strong></span> <span class='ocrx_word' id='word_1_123' title='bbox 727 1679 925 1736; x_wconf 85' lang='lat' dir='ltr'><strong>mirum</strong></span> <span class='ocrx_word' id='word_1_124' title='bbox 939 1721 957 1753; x_wconf 89' lang='lat'>‚</span> <span class='ocrx_word' id='word_1_125' title='bbox 983 1676 1350 1756; x_wconf 87' lang='lat' dir='ltr'><strong>praecellere</strong></span> <span class='ocrx_word' id='word_1_126' title='bbox 1371 1675 1684 1735; x_wconf 81' lang='lat' dir='ltr'>mobilitate</span> <span class='ocrx_word' id='word_1_127' title='bbox 1704 1720 1723 1752; x_wconf 86' lang='lat'>,</span> 
     </span>
     <span class='ocr_line' id='line_1_20' title="bbox 380 1757 1605 1840; baseline -0.002 -18"><span class='ocrx_word' id='word_1_128' title='bbox 380 1770 440 1822; x_wconf 91' lang='lat' dir='ltr'><strong>et</strong></span> <span class='ocrx_word' id='word_1_129' title='bbox 459 1760 637 1821; x_wconf 88' lang='lat' dir='ltr'><strong>multo</strong></span> <span class='ocrx_word' id='word_1_130' title='bbox 663 1762 829 1821; x_wconf 90' lang='lat' dir='ltr'><strong>citius</strong></span> <span class='ocrx_word' id='word_1_131' title='bbox 850 1759 988 1821; x_wconf 82' lang='lat' dir='ltr'><strong>ferri</strong></span> <span class='ocrx_word' id='word_1_132' title='bbox 1011 1780 1178 1840; x_wconf 83' lang='lat' dir='ltr'><strong>quam</strong></span> <span class='ocrx_word' id='word_1_133' title='bbox 1194 1761 1404 1821; x_wconf 85' lang='lat' dir='ltr'><strong>lumina</strong></span> <span class='ocrx_word' id='word_1_134' title='bbox 1425 1757 1569 1820; x_wconf 88' lang='lat' dir='ltr'><strong>solis</strong></span> <span class='ocrx_word' id='word_1_135' title='bbox 1586 1805 1605 1836; x_wconf 87' lang='lat'>,</span> 
     </span>
     <span class='ocr_line' id='line_1_21' title="bbox 376 1842 1840 1925; baseline -0.003 -21"><span class='ocrx_word' id='word_1_136' title='bbox 376 1843 790 1925; x_wconf 85' lang='lat' dir='ltr'><strong>multiplexque</strong></span> <span class='ocrx_word' id='word_1_137' title='bbox 813 1842 930 1905; x_wconf 88' lang='lat' dir='ltr'><strong>loci</strong></span> <span class='ocrx_word' id='word_1_138' title='bbox 952 1846 1193 1925; x_wconf 87' lang='lat' dir='ltr'><strong>spatium</strong></span> <span class='ocrx_word' id='word_1_139' title='bbox 1223 1855 1613 1909; x_wconf 79' lang='lat' dir='ltr'><strong>transcurrere</strong></span> <span class='ocrx_word' id='word_1_140' title='bbox 1636 1842 1840 1901; x_wconf 90' lang='lat' dir='ltr'><strong>eodem</strong></span> 
     </span>
     <span class='ocr_line' id='line_1_22' title="bbox 377 1927 1819 2009; baseline -0.003 -19"><span class='ocrx_word' id='word_1_141' title='bbox 377 1939 638 2008; x_wconf 85' lang='lat' dir='ltr'><strong>tempore</strong></span> <span class='ocrx_word' id='word_1_142' title='bbox 662 1947 776 2009; x_wconf 90' lang='lat' dir='ltr'><strong>quo</strong></span> <span class='ocrx_word' id='word_1_143' title='bbox 799 1928 941 1990; x_wconf 87' lang='lat' dir='ltr'><strong>solis</strong></span> <span class='ocrx_word' id='word_1_144' title='bbox 964 1929 1308 2008; x_wconf 81' lang='lat' dir='ltr'><strong>pervolgant</strong></span> <span class='ocrx_word' id='word_1_145' title='bbox 1330 1928 1556 2006; x_wconf 80' lang='lat' dir='ltr'><strong>fulgura</strong></span> <span class='ocrx_word' id='word_1_146' title='bbox 1582 1927 1819 1989; x_wconf 84' lang='lat' dir='ltr'><strong>caelum.</strong></span> 
     </span>
    </p>

    <p class='ocr_par' dir='ltr' id='par_1_8' title="bbox 250 2012 1776 2261">
     <span class='ocr_line' id='line_1_23' title="bbox 250 2012 1657 2096; baseline -0.004 -19"><span class='ocrx_word' id='word_1_147' title='bbox 250 2024 348 2079; x_wconf 86' lang='lat'><strong>165</strong></span> <span class='ocrx_word' id='word_1_148' title='bbox 379 2012 407 2096; x_wconf 80' lang='grc' dir='ltr'>Η</span> <span class='ocrx_word' id='word_1_149' title='bbox 433 2013 511 2073; x_wconf 83' lang='lat' dir='ltr'><strong>At</strong></span> <span class='ocrx_word' id='word_1_150' title='bbox 533 2012 757 2092; x_wconf 80' lang='lat' dir='ltr'><strong>quidam</strong></span> <span class='ocrx_word' id='word_1_151' title='bbox 780 2022 976 2074; x_wconf 84' lang='lat' dir='ltr'><strong>contra</strong></span> <span class='ocrx_word' id='word_1_152' title='bbox 996 2013 1143 2074; x_wconf 86' lang='lat' dir='ltr'><strong>haec</strong></span> <span class='ocrx_word' id='word_1_153' title='bbox 1157 2059 1176 2092; x_wconf 90' lang='lat'>,</span> <span class='ocrx_word' id='word_1_154' title='bbox 1203 2015 1383 2092; x_wconf 84' lang='lat' dir='ltr'><strong>ignari</strong></span> <span class='ocrx_word' id='word_1_155' title='bbox 1407 2013 1657 2073; x_wconf 86' lang='lat' dir='ltr'><strong>materiai</strong></span> 
     </span>
     <span class='ocr_line' id='line_1_24' title="bbox 379 2097 1717 2176; baseline -0.004 -16"><span class='ocrx_word' id='word_1_156' title='bbox 379 2116 490 2160; x_wconf 88' lang='lat' dir='ltr'><strong>nec</strong></span> <span class='ocrx_word' id='word_1_157' title='bbox 512 2098 825 2175; x_wconf 85' lang='lat' dir='ltr'><strong>persectati</strong></span> <span class='ocrx_word' id='word_1_158' title='bbox 846 2098 1150 2176; x_wconf 85' lang='lat' dir='ltr'><strong>primordia</strong></span> <span class='ocrx_word' id='word_1_159' title='bbox 1172 2097 1397 2175; x_wconf 87' lang='lat' dir='ltr'><strong>singula</strong></span> <span class='ocrx_word' id='word_1_160' title='bbox 1419 2113 1682 2176; x_wconf 89' lang='lat' dir='ltr'><strong>quaeque</strong></span> <span class='ocrx_word' id='word_1_161' title='bbox 1698 2141 1717 2172; x_wconf 86' lang='lat'>,</span> 
     </span>
     <span class='ocr_line' id='line_1_25' title="bbox 379 2180 1776 2261; baseline -0.003 -19"><span class='ocrx_word' id='word_1_162' title='bbox 379 2194 438 2243; x_wconf 89' lang='lat' dir='ltr'><strong>ut</strong></span> <span class='ocrx_word' id='word_1_163' title='bbox 461 2180 688 2240; x_wconf 85' lang='lat' dir='ltr'><strong>videant</strong></span> <span class='ocrx_word' id='word_1_164' title='bbox 711 2198 821 2259; x_wconf 86' lang='lat' dir='ltr'><strong>qua</strong></span> <span class='ocrx_word' id='word_1_165' title='bbox 842 2183 1090 2261; x_wconf 88' lang='lat' dir='ltr'><strong>quicque</strong></span> <span class='ocrx_word' id='word_1_166' title='bbox 1113 2191 1348 2259; x_wconf 84' lang='lat' dir='ltr'><strong>geratur</strong></span> <span class='ocrx_word' id='word_1_167' title='bbox 1370 2198 1497 2240; x_wconf 91' lang='lat' dir='ltr'><strong>cum</strong></span> <span class='ocrx_word' id='word_1_168' title='bbox 1520 2181 1737 2239; x_wconf 88' lang='lat' dir='ltr'><strong>ratione</strong></span> <span class='ocrx_word' id='word_1_169' title='bbox 1758 2224 1776 2256; x_wconf 89' lang='lat'>‚</span> 
     </span>
    </p>

    <p class='ocr_par' dir='ltr' id='par_1_9' title="bbox 326 2264 1842 2427">
     <span class='ocr_line' id='line_1_26' title="bbox 326 2264 1842 2343; baseline -0.003 -17"><span class='ocrx_word' id='word_1_170' title='bbox 326 2334 333 2340; x_wconf 50' lang='grc'>,</span> <span class='ocrx_word' id='word_1_171' title='bbox 380 2274 628 2326; x_wconf 88' lang='lat' dir='ltr'><strong>naturam</strong></span> <span class='ocrx_word' id='word_1_172' title='bbox 650 2282 765 2326; x_wconf 89' lang='lat' dir='ltr'><strong>non</strong></span> <span class='ocrx_word' id='word_1_173' title='bbox 786 2282 965 2343; x_wconf 89' lang='lat' dir='ltr'><strong>posse</strong></span> <span class='ocrx_word' id='word_1_174' title='bbox 984 2311 1003 2342; x_wconf 86' lang='lat'>,</span> <span class='ocrx_word' id='word_1_175' title='bbox 1029 2264 1197 2325; x_wconf 90' lang='lat' dir='ltr'><strong>deum</strong></span> <span class='ocrx_word' id='word_1_176' title='bbox 1219 2267 1344 2325; x_wconf 88' lang='lat' dir='ltr'><strong>sine</strong></span> <span class='ocrx_word' id='word_1_177' title='bbox 1366 2266 1588 2324; x_wconf 90' lang='lat' dir='ltr'><strong>numine</strong></span> <span class='ocrx_word' id='word_1_178' title='bbox 1605 2307 1623 2339; x_wconf 89' lang='lat'>‚</span> <span class='ocrx_word' id='word_1_179' title='bbox 1648 2271 1842 2322; x_wconf 88' lang='lat' dir='ltr'><strong>rentur</strong></span> 
     </span>
     <span class='ocr_line' id='line_1_27' title="bbox 378 2346 1747 2427; baseline -0.002 -18"><span class='ocrx_word' id='word_1_180' title='bbox 378 2359 534 2410; x_wconf 84' lang='lat' dir='ltr'><strong>tanto</strong></span> <span class='ocrx_word' id='word_1_181' title='bbox 557 2366 737 2427; x_wconf 91' lang='lat' dir='ltr'><strong>opere</strong></span> <span class='ocrx_word' id='word_1_182' title='bbox 760 2348 1014 2409; x_wconf 87' lang='lat' dir='ltr'><strong>humanis</strong></span> <span class='ocrx_word' id='word_1_183' title='bbox 1047 2349 1356 2410; x_wconf 86' lang='lat' dir='ltr'><strong>rationibus</strong></span> <span class='ocrx_word' id='word_1_184' title='bbox 1387 2346 1747 2408; x_wconf 87' lang='lat' dir='ltr'><strong>admoderate</strong></span> 
     </span>
    </p>

    <p class='ocr_par' dir='ltr' id='par_1_10' title="bbox 257 2431 1912 2846">
     <span class='ocr_line' id='line_1_28' title="bbox 257 2431 1787 2511; baseline -0.003 -17"><span class='ocrx_word' id='word_1_185' title='bbox 257 2440 358 2496; x_wconf 87' lang='grc'><strong>170</strong></span> <span class='ocrx_word' id='word_1_186' title='bbox 377 2431 634 2511; x_wconf 84' lang='lat' dir='ltr'><strong>tempora</strong></span> <span class='ocrx_word' id='word_1_187' title='bbox 651 2442 866 2492; x_wconf 88' lang='lat' dir='ltr'><strong>mutare</strong></span> <span class='ocrx_word' id='word_1_188' title='bbox 888 2448 1158 2493; x_wconf 85' lang='lat' dir='ltr'><strong>annorum</strong></span> <span class='ocrx_word' id='word_1_189' title='bbox 1170 2479 1189 2511; x_wconf 85' lang='lat'>,</span> <span class='ocrx_word' id='word_1_190' title='bbox 1216 2433 1530 2511; x_wconf 84' lang='lat' dir='ltr'><strong>frugesque</strong></span> <span class='ocrx_word' id='word_1_191' title='bbox 1555 2448 1753 2491; x_wconf 84' lang='lat' dir='ltr'><strong>creare</strong></span> <span class='ocrx_word' id='word_1_192' title='bbox 1768 2474 1787 2507; x_wconf 90' lang='lat'>,</span> 
     </span>
     <span class='ocr_line' id='line_1_29' title="bbox 381 2513 1681 2596; baseline -0.002 -20"><span class='ocrx_word' id='word_1_193' title='bbox 381 2526 441 2577; x_wconf 90' lang='lat' dir='ltr'><strong>et</strong></span> <span class='ocrx_word' id='word_1_194' title='bbox 462 2518 572 2576; x_wconf 86' lang='lat' dir='ltr'><strong>iam</strong></span> <span class='ocrx_word' id='word_1_195' title='bbox 599 2526 831 2592; x_wconf 86' lang='lat' dir='ltr'><strong>cetera,</strong></span> <span class='ocrx_word' id='word_1_196' title='bbox 855 2516 1108 2577; x_wconf 87' lang='lat' dir='ltr'><strong>mortalis</strong></span> <span class='ocrx_word' id='word_1_197' title='bbox 1135 2534 1292 2596; x_wconf 71' lang='lat' dir='ltr'><strong>quae·</strong></span> <span class='ocrx_word' id='word_1_198' title='bbox 1304 2516 1504 2578; x_wconf 83' lang='lat' dir='ltr'><strong>suadet</strong></span> <span class='ocrx_word' id='word_1_199' title='bbox 1524 2513 1681 2575; x_wconf 85' lang='lat' dir='ltr'><strong>adire</strong></span> 
     </span>
     <span class='ocr_line' id='line_1_30' title="bbox 380 2598 1580 2679; baseline 0.002 -22"><span class='ocrx_word' id='word_1_200' title='bbox 380 2601 620 2679; x_wconf 85' lang='lat' dir='ltr'><strong>ipsaque</strong></span> <span class='ocrx_word' id='word_1_201' title='bbox 648 2599 878 2659; x_wconf 84' lang='lat' dir='ltr'><strong>deducit</strong></span> <span class='ocrx_word' id='word_1_202' title='bbox 898 2599 1013 2660; x_wconf 82' lang='lat' dir='ltr'><strong>dux</strong></span> <span class='ocrx_word' id='word_1_203' title='bbox 1032 2603 1182 2661; x_wconf 86' lang='lat' dir='ltr'><strong>vitae</strong></span> <span class='ocrx_word' id='word_1_204' title='bbox 1207 2600 1297 2661; x_wconf 88' lang='lat' dir='ltr'><strong>dia</strong></span> <span class='ocrx_word' id='word_1_205' title='bbox 1314 2598 1580 2678; x_wconf 85' lang='lat' dir='ltr'><strong>voluptas</strong></span> 
     </span>
     <span class='ocr_line' id='line_1_31' title="bbox 380 2681 1852 2766; baseline -0.003 -23"><span class='ocrx_word' id='word_1_206' title='bbox 380 2693 441 2743; x_wconf 92' lang='lat' dir='ltr'><strong>et</strong></span> <span class='ocrx_word' id='word_1_207' title='bbox 460 2702 555 2744; x_wconf 87' lang='lat' dir='ltr'><strong>res</strong></span> <span class='ocrx_word' id='word_1_208' title='bbox 580 2701 687 2766; x_wconf 82' lang='lat' dir='ltr'><strong>per</strong></span> <span class='ocrx_word' id='word_1_209' title='bbox 706 2682 952 2744; x_wconf 89' lang='lat' dir='ltr'><strong>Veneris</strong></span> <span class='ocrx_word' id='word_1_210' title='bbox 976 2683 1258 2745; x_wconf 85' lang='lat' dir='ltr'><strong>blanditur</strong></span> <span class='ocrx_word' id='word_1_211' title='bbox 1281 2681 1477 2745; x_wconf 86' lang='lat' dir='ltr'><strong>saecla</strong></span> <span class='ocrx_word' id='word_1_212' title='bbox 1496 2687 1852 2761; x_wconf 83' lang='lat' dir='ltr'><strong>propagent,</strong></span> 
     </span>
     <span class='ocr_line' id='line_1_32' title="bbox 382 2764 1912 2846; baseline -0.003 -19"><span class='ocrx_word' id='word_1_213' title='bbox 382 2786 455 2827; x_wconf 91' lang='lat' dir='ltr'><strong>ne</strong></span> <span class='ocrx_word' id='word_1_214' title='bbox 479 2785 662 2843; x_wconf 89' lang='lat' dir='ltr'><strong>genus</strong></span> <span class='ocrx_word' id='word_1_215' title='bbox 686 2766 911 2826; x_wconf 86' lang='lat' dir='ltr'><strong>occidat</strong></span> <span class='ocrx_word' id='word_1_216' title='bbox 934 2768 1248 2828; x_wconf 86' lang='lat' dir='ltr'><strong>humanum.</strong></span> <span class='ocrx_word' id='word_1_217' title='bbox 1276 2784 1514 2846; x_wconf 90' lang='lat' dir='ltr'><strong>quorum</strong></span> <span class='ocrx_word' id='word_1_218' title='bbox 1534 2764 1719 2824; x_wconf 84' lang='lat' dir='ltr'><strong>omnia</strong></span> <span class='ocrx_word' id='word_1_219' title='bbox 1743 2780 1912 2824; x_wconf 86' lang='lat' dir='ltr'><strong>causa</strong></span> 
     </span>
    </p>

    <p class='ocr_par' dir='ltr' id='par_1_11' title="bbox 166 2847 1940 3262">
     <span class='ocr_line' id='line_1_33' title="bbox 166 2847 1816 2929; baseline -0.003 -17"><span class='ocrx_word' id='word_1_220' title='bbox 166 2920 180 2928; x_wconf 53' lang='grc'>,</span> <span class='ocrx_word' id='word_1_221' title='bbox 255 2857 356 2914; x_wconf 82' lang='grc'><strong>175</strong></span> <span class='ocrx_word' id='word_1_222' title='bbox 383 2852 750 2910; x_wconf 87' lang='lat' dir='ltr'><strong>constituisse</strong></span> <span class='ocrx_word' id='word_1_223' title='bbox 774 2849 916 2911; x_wconf 88' lang='lat' dir='ltr'><strong>deos</strong></span> <span class='ocrx_word' id='word_1_224' title='bbox 944 2869 1071 2911; x_wconf 89' lang='lat' dir='ltr'><strong>cum</strong></span> <span class='ocrx_word' id='word_1_225' title='bbox 1099 2853 1351 2929; x_wconf 84' lang='lat' dir='ltr'><strong>fingunt,</strong></span> <span class='ocrx_word' id='word_1_226' title='bbox 1377 2847 1621 2910; x_wconf 90' lang='lat' dir='ltr'><strong>omnibu’</strong></span> <span class='ocrx_word' id='word_1_227' title='bbox 1642 2847 1816 2907; x_wconf 88' lang='lat' dir='ltr'><strong>rebus</strong></span> 
     </span>
     <span class='ocr_line' id='line_1_34' title="bbox 377 2931 1709 3013; baseline -0.002 -21"><span class='ocrx_word' id='word_1_228' title='bbox 377 2951 584 3010; x_wconf 87' lang='lat' dir='ltr'><strong>magno</strong></span> <span class='ocrx_word' id='word_1_229' title='bbox 609 2950 789 3012; x_wconf 91' lang='lat' dir='ltr'><strong>opere</strong></span> <span class='ocrx_word' id='word_1_230' title='bbox 813 2951 845 2992; x_wconf 85' lang='lat' dir='ltr'><strong>a</strong></span> <span class='ocrx_word' id='word_1_231' title='bbox 866 2951 1004 2994; x_wconf 89' lang='lat' dir='ltr'><strong>vera</strong></span> <span class='ocrx_word' id='word_1_232' title='bbox 1025 2934 1170 3013; x_wconf 85' lang='lat' dir='ltr'><strong>lapsi</strong></span> <span class='ocrx_word' id='word_1_233' title='bbox 1190 2936 1407 2995; x_wconf 85' lang='lat' dir='ltr'><strong>ratione</strong></span> <span class='ocrx_word' id='word_1_234' title='bbox 1429 2931 1709 2993; x_wconf 83' lang='lat' dir='ltr'><strong>videntur.</strong></span> 
     </span>
     <span class='ocr_line' id='line_1_35' title="bbox 380 3015 1940 3098; baseline -0.003 -20"><span class='ocrx_word' id='word_1_235' title='bbox 380 3036 506 3078; x_wconf 86' lang='lat' dir='ltr'><strong>nam</strong></span> <span class='ocrx_word' id='word_1_236' title='bbox 532 3018 785 3095; x_wconf 85' lang='lat' dir='ltr'><strong>quamvis</strong></span> <span class='ocrx_word' id='word_1_237' title='bbox 811 3035 996 3077; x_wconf 88' lang='lat' dir='ltr'><strong>rerum</strong></span> <span class='ocrx_word' id='word_1_238' title='bbox 1018 3020 1274 3095; x_wconf 86' lang='lat' dir='ltr'><strong>ignorem</strong></span> <span class='ocrx_word' id='word_1_239' title='bbox 1296 3015 1599 3098; x_wconf 68' lang='lat' dir='ltr'><strong>primordia</strong></span> <span class='ocrx_word' id='word_1_240' title='bbox 1626 3032 1771 3094; x_wconf 85' lang='lat' dir='ltr'><strong>quae</strong></span> <span class='ocrx_word' id='word_1_241' title='bbox 1793 3016 1904 3075; x_wconf 86' lang='lat' dir='ltr'><strong>sint</strong></span> <span class='ocrx_word' id='word_1_242' title='bbox 1918 3059 1940 3091; x_wconf 84' lang='lat'>,</span> 
     </span>
     <span class='ocr_line' id='line_1_36' title="bbox 378 3101 1684 3178; baseline -0.004 -15"><span class='ocrx_word' id='word_1_243' title='bbox 378 3103 493 3163; x_wconf 88' lang='lat' dir='ltr'><strong>hoc</strong></span> <span class='ocrx_word' id='word_1_244' title='bbox 517 3111 705 3161; x_wconf 86' lang='lat' dir='ltr'><strong>tamen</strong></span> <span class='ocrx_word' id='word_1_245' title='bbox 734 3119 810 3160; x_wconf 85' lang='lat' dir='ltr'><strong>ex</strong></span> <span class='ocrx_word' id='word_1_246' title='bbox 833 3103 972 3178; x_wconf 86' lang='lat' dir='ltr'><strong>ipsis</strong></span> <span class='ocrx_word' id='word_1_247' title='bbox 998 3101 1143 3161; x_wconf 87' lang='lat' dir='ltr'><strong>caeli</strong></span> <span class='ocrx_word' id='word_1_248' title='bbox 1165 3102 1477 3162; x_wconf 84' lang='lat' dir='ltr'><strong>rationibus</strong></span> <span class='ocrx_word' id='word_1_249' title='bbox 1507 3101 1684 3161; x_wconf 85' lang='lat' dir='ltr'><strong>ausim</strong></span> 
     </span>
     <span class='ocr_line' id='line_1_37' title="bbox 380 3182 1787 3262; baseline -0.003 -15"><span class='ocrx_word' id='word_1_250' title='bbox 380 3187 712 3247; x_wconf 83' lang='lat' dir='ltr'><strong>confirmare</strong></span> <span class='ocrx_word' id='word_1_251' title='bbox 743 3184 983 3262; x_wconf 86' lang='lat' dir='ltr'><strong>aliisque</strong></span> <span class='ocrx_word' id='word_1_252' title='bbox 1006 3203 1082 3246; x_wconf 89' lang='lat' dir='ltr'><strong>ex</strong></span> <span class='ocrx_word' id='word_1_253' title='bbox 1103 3185 1277 3247; x_wconf 90' lang='lat' dir='ltr'><strong>rebus</strong></span> <span class='ocrx_word' id='word_1_254' title='bbox 1299 3184 1544 3245; x_wconf 90' lang='lat' dir='ltr'><strong>reddere</strong></span> <span class='ocrx_word' id='word_1_255' title='bbox 1563 3182 1752 3243; x_wconf 85' lang='lat' dir='ltr'><strong>multis</strong></span> <span class='ocrx_word' id='word_1_256' title='bbox 1768 3225 1787 3258; x_wconf 91' lang='lat'>,</span> 
     </span>
    </p>

    <p class='ocr_par' dir='ltr' id='par_1_12' title="bbox 257 3267 1661 3430">
     <span class='ocr_line' id='line_1_38' title="bbox 257 3267 1647 3348; baseline -0.005 -15"><span class='ocrx_word' id='word_1_257' title='bbox 257 3277 358 3333; x_wconf 89' lang='grc'><strong>180</strong></span> <span class='ocrx_word' id='word_1_258' title='bbox 382 3285 736 3348; x_wconf 83' lang='lat' dir='ltr'><strong>nequaquam</strong></span> <span class='ocrx_word' id='word_1_259' title='bbox 765 3269 928 3328; x_wconf 87' lang='lat' dir='ltr'><strong>nobis</strong></span> <span class='ocrx_word' id='word_1_260' title='bbox 952 3267 1215 3329; x_wconf 83' lang='lat' dir='ltr'><strong>divinitus</strong></span> <span class='ocrx_word' id='word_1_261' title='bbox 1239 3288 1375 3329; x_wconf 84' lang='lat' dir='ltr'><strong>esse</strong></span> <span class='ocrx_word' id='word_1_262' title='bbox 1402 3277 1647 3328; x_wconf 86' lang='lat' dir='ltr'><strong>creatam</strong></span> 
     </span>
     <span class='ocr_line' id='line_1_39' title="bbox 377 3349 1661 3430; baseline -0.005 -18"><span class='ocrx_word' id='word_1_263' title='bbox 377 3362 631 3412; x_wconf 85' lang='lat' dir='ltr'><strong>naturam</strong></span> <span class='ocrx_word' id='word_1_264' title='bbox 653 3350 869 3411; x_wconf 89' lang='lat' dir='ltr'><strong>mundi:</strong></span> <span class='ocrx_word' id='word_1_265' title='bbox 891 3360 1043 3411; x_wconf 87' lang='lat' dir='ltr'><strong>tanta</strong></span> <span class='ocrx_word' id='word_1_266' title='bbox 1067 3360 1175 3412; x_wconf 85' lang='lat' dir='ltr'><strong>stat</strong></span> <span class='ocrx_word' id='word_1_267' title='bbox 1197 3352 1453 3430; x_wconf 84' lang='lat' dir='ltr'><strong>praedita</strong></span> <span class='ocrx_word' id='word_1_268' title='bbox 1475 3349 1661 3426; x_wconf 89' lang='lat' dir='ltr'><strong>culpa.</strong></span> 
     </span>
    </p>
   </div>
   <div class='ocr_carea' id='block_1_6' title="bbox 381 3434 1915 3563">
    <p class='ocr_par' dir='ltr' id='par_1_13' title="bbox 381 3434 1915 3563">
     <span class='ocr_line' id='line_1_40' title="bbox 381 3434 1915 3563; baseline -0.008 -66"><span class='ocrx_word' id='word_1_269' title='bbox 381 3454 527 3516; x_wconf 84' lang='lat' dir='ltr'><strong>quae</strong></span> <span class='ocrx_word' id='word_1_270' title='bbox 551 3435 652 3494; x_wconf 89' lang='lat' dir='ltr'>tibi</span> <span class='ocrx_word' id='word_1_271' title='bbox 676 3437 962 3512; x_wconf 87' lang='lat' dir='ltr'><strong>posterius</strong></span> <span class='ocrx_word' id='word_1_272' title='bbox 981 3480 1000 3511; x_wconf 86' lang='lat'>,</span> <span class='ocrx_word' id='word_1_273' title='bbox 1023 3434 1285 3511; x_wconf 84' lang='lat' dir='ltr'><strong>Memmi,</strong></span> <span class='ocrx_word' id='word_1_274' title='bbox 1309 3434 1582 3494; x_wconf 86' lang='lat' dir='ltr'><strong>faciemus</strong></span> <span class='ocrx_word' id='word_1_275' title='bbox 1605 3438 1802 3505; x_wconf 87' lang='lat' dir='ltr'><strong>aperta</strong></span> <span class='ocrx_word' id='word_1_276' title='bbox 1814 3447 1867 3563; x_wconf 74' lang='lat'><strong>:3</strong></span> <span class='ocrx_word' id='word_1_277' title='bbox 1882 3500 1915 3533; x_wconf 62' lang='grc'>*</span> 
     </span>
    </p>
   </div>
   <div class='ocr_carea' id='block_1_7' title="bbox 2134 156 2322 233">
    <p class='ocr_par' dir='ltr' id='par_1_14' title="bbox 2134 156 2322 233">
     <span class='ocr_line' id='line_1_41' title="bbox 2134 156 2322 233; baseline 0.011 -2"><span class='ocrx_word' id='word_1_278' title='bbox 2134 156 2322 233; x_wconf 74' lang='grc' dir='ltr'><strong>35ζ</strong></span> 
     </span>
    </p>
   </div>
  </div>
 </body>
</html>
