2409 3825
163 207 287 272 150
1027 200 1183 256 'V

331 383 634 454 propterea
663 372 791 449 quia
814 388 958 448 quae
989 364 1059 426 de
1083 367 1249 426 terris
1272 385 1419 425 nunc
1446 382 1671 443 quoque
1693 365 1975 426 abundant

329 459 630 518 herbarum
652 472 863 532 genera
892 470 960 512 ac
989 451 1187 526 fruges
1214 450 1553 526 arbustaque
1584 448 1733 510 laeta
1858 464 1865 468 ·

332 550 649 600 nontamen
673 540 819 597 inter
841 555 907 597 se
930 544 1173 614 possunt
1198 534 1498 612 complexa
1525 534 1736 608 creari,

204 634 309 689 920
333 625 437 685 sed
462 625 547 684 vis
572 640 831 701 quaeque
856 637 961 680 suo
984 620 1091 677 ritu
1115 617 1409 696 procedit,
1441 626 1499 676 et
1526 633 1722 676 omnes

332 708 569 769 foedere
588 714 819 765 naturae
844 713 1003 764 certo
1028 701 1345 761 discrimina
1367 709 1613 761 servant.

413 791 489 850 At
516 807 699 867 genus
723 788 1016 847 humanum
1041 783 1216 844 multo
1239 783 1343 843 suit
1369 783 1509 842 illud
1531 784 1584 842 in
1610 784 1757 843 arvis

333 876 521 935 durius
540 919 557 951 ‚
585 881 644 931 ut
670 871 891 947 decuit,
919 869 1091 930 tellus
1115 867 1267 946 quod
1291 868 1426 927 dura
1449 876 1739 944 creasset,

334 968 390 1018 et
411 957 712 1016 maioribus
734 964 792 1014 et
820 952 1017 1014 solidis
1041 954 1220 1029 magis
1245 952 1470 1013 ossibus
1492 953 1640 1011 intus

209 1051 309 1104 925
333 1040 648 1116 fundatum,
674 1037 872 1098 validis
896 1046 1086 1115 aptum
1106 1054 1214 1114 per
1235 1037 1460 1096 viscera
1480 1037 1671 1095 nervis
1688 1080 1705 1109 ,

334 1143 442 1184 nec
465 1122 634 1183 facile
656 1141 731 1181 ex
750 1132 912 1182 aestu
940 1139 1049 1180 nec
1077 1119 1292 1195 frigore
1316 1119 1467 1197 quod
1491 1128 1823 1197 caperetur,

335 1227 444 1267 nec
467 1207 714 1266 novitate
747 1204 857 1264 cibi
878 1222 994 1264 nec
1010 1201 1130 1262 labi
1149 1205 1406 1280 eorporis
1430 1201 1562 1263 ulla.

334 1291 617 1368 multaque
645 1308 751 1368 per
772 1289 989 1349 caelum
1013 1286 1153 1348 solis
1174 1287 1460 1347 volventia
1481 1285 1657 1346 lustra

309 1442 312 1445 Α
333 1374 638 1452 volgivago
661 1374 829 1433 vitam
851 1372 1161 1433 tractabant
1182 1387 1340 1430 more
1365 1371 1625 1430 ferarum.

208 1469 311 1521 930
333 1477 441 1518 nec
463 1459 730 1518 robustus
755 1465 875 1516 erat
900 1455 1054 1516 curvi
1072 1455 1398 1514 moderator
1418 1456 1581 1513 aratri

256 1580 265 1587 -
335 1544 657 1620 quisquam,
684 1558 793 1599 nec
818 1539 999 1600 scibat
1022 1538 1175 1598 ferro
1199 1537 1453 1598 molirier
1472 1556 1606 1597 arva

333 1644 441 1685 nec
466 1643 611 1684 nova
634 1621 906 1684 defodere
930 1625 985 1682 in
1014 1633 1220 1682 terram
1244 1621 1485 1700 virgulta
1508 1640 1695 1700 neque
1720 1620 1846 1680 altis

336 1710 628 1771 arboribus
649 1717 880 1768 veteres
911 1706 1181 1767 decidere
1207 1706 1434 1765 falcibu’
1457 1723 1662 1766 ramos.

336 1792 486 1870 quod
507 1790 595 1852 sol
620 1800 787 1869 atque
811 1790 1021 1850 imbres
1045 1789 1348 1868 dederant,
1375 1789 1526 1868 quod
1554 1799 1703 1849 terra
1726 1799 1943 1848 crearat

207 1887 306 1940 935
336 1885 541 1955 sponte
567 1893 699 1952 sua,
726 1875 861 1935 satis
883 1873 940 1934 id
969 1872 1228 1953 placabat
1250 1883 1487 1953 pectora
1516 1873 1739 1933 donum.

334 1959 675 2036 glandiferas
697 1961 842 2017 inter
866 1960 1130 2019 curabant
1153 1976 1395 2037 corpora
1419 1975 1662 2035 quercus

333 2043 697 2122 plerumque:
723 2051 780 2102 et
807 2060 949 2120 quae
973 2061 1119 2102 nunc
1141 2041 1380 2102 hiberno
1403 2051 1662 2120 tempore
1691 2041 1877 2100 cernis

334 2128 509 2186 arbita
530 2128 776 2205 puniceo
800 2127 922 2185 fieri
943 2135 1153 2186 matura
1178 2126 1374 2186 colore
1391 2171 1409 2202 ‚

333 2210 569 2290 plurima
590 2219 704 2269 tum
725 2208 897 2269 tellus
922 2212 1087 2269 etiam
1110 2211 1316 2269 maiora
1340 2209 1579 2269 ferebat.

209 2304 311 2356 940
333 2293 615 2370 multaque
641 2302 938 2371 praeterea
960 2295 1178 2355 novitas
1199 2303 1315 2353 tum
1338 2292 1533 2353 florida
1554 2292 1741 2352 mundi

333 2377 543 2456 pabula
568 2376 700 2436 dura
724 2376 882 2453 tulit,
909 2378 1131 2438 miseris
1153 2376 1481 2437 mortalibus
1507 2376 1706 2455 ampla.

334 2471 387 2521 at
411 2460 610 2522 sedare
634 2462 783 2520 sitim
807 2460 958 2520 fluvii
982 2460 1285 2539 sontesque
1307 2461 1616 2536 vocabant,

335 2555 393 2605 ut
417 2563 562 2604 nunc
585 2546 865 2604 montibus
889 2564 922 2605 e
944 2547 1158 2622 magnis
1182 2544 1457 2605 decursus
1481 2545 1642 2622 aquai

335 2628 609 2705 clarigitat
637 2628 749 2689 late
771 2629 1015 2688 sitientia
1038 2628 1228 2690 saecla
1249 2628 1510 2688 ferarum.

206 2721 307 2774 945
334 2712 577 2789 denique
598 2723 730 2774 nota
754 2714 880 2790 vagi
904 2712 1196 2773 silvestria
1216 2711 1427 2791 templa
1451 2712 1720 2772 tenebant

330 2796 725 2874 nympharum,
754 2797 956 2874 quibus
981 2816 1015 2856 e
1038 2797 1259 2856 scibant
1279 2796 1476 2856 umori'
1508 2795 1717 2855 fluenta

330 2879 546 2939 lubrica
570 2879 825 2958 proluvie
854 2880 1010 2957 larga
1036 2879 1229 2939 lavere
1253 2879 1434 2939 umida
1457 2896 1591 2938 saxa
1606 2924 1624 2955 ‚

330 2962 512 3022 umida
531 2981 666 3022 saxa
683 3009 701 3041 ,
732 2981 907 3041 super
928 2963 1089 3022 viridi
1115 2963 1380 3023 stillantia
1407 2980 1606 3022 musco
1623 3007 1641 3039 ‚

330 3056 387 3106 et
411 3048 609 3124 partim
629 3045 797 3125 plano
828 3056 1052 3107 scatere
1077 3057 1247 3125 atque
1273 3065 1572 3125 erumpere
1605 3063 1821 3125 eampo,

203 3140 305 3192 950
332 3128 574 3188 necdum
594 3147 690 3189 res
715 3131 830 3206 igni
855 3131 1074 3191 scibant
1096 3141 1337 3191 tractare
1361 3149 1550 3208 neque
1575 3130 1681 3188 uti‘

329 3209 578 3291 pellibus
603 3221 660 3270 et
685 3212 884 3289 spoliis
910 3231 1121 3292 corpus
1143 3216 1357 3274 vestire
1382 3214 1625 3273 ferarum
1643 3258 1661 3289 ,

330 3293 434 3355 sed
457 3311 685 3352 nemora
706 3303 873 3371 atque
900 3315 1070 3356 cavos
1099 3300 1304 3358 montis
1331 3296 1618 3373 silvasque
1650 3295 1914 3357 colehmu
1935 3342 1952 3359 .

330 3385 389 3436 et
410 3375 645 3435 frutices
669 3377 815 3435 inter
839 3378 1153 3440 condebant
1178 3379 1430 3458 squalida
1454 3380 1704 3438 membra
1720 3424 1739 3456 ,

328 3457 572 3518 verbera
595 3467 887 3517 ventorum
913 3463 1089 3521 vitare
1120 3464 1427 3541 imbrisque
1455 3463 1657 3522 coacti.
