2409 3825
329 147 417 213 56
1152 151 1457 207 CATVLLI
2033 151 2288 224 {LXV1L

547 312 710 380 Cum
754 312 981 397 quibus
1025 313 1139 377 illa
1182 314 1421 378 malum
1461 313 1617 378 fecit
1658 313 2089 378 adulterium.'
2365 231 2369 420 Ι

459 396 716 462 Dixerit
756 396 862 461 hic
892 397 1151 481 aliquis:
1197 398 1307 481 qui
1347 402 1420 462 tu
1463 398 1735 479 isthaec,
1780 399 2001 481 ianua,
2047 398 2283 461 nosti?

550 481 671 547 Cui
711 503 1056 564 numquam
1101 481 1345 545 domini
1387 482 1606 546 limine
1643 477 1870 546 ‘abesse
1913 482 2099 564 licet,

458 565 601 633 Nec
643 565 950 649 populum
994 566 1379 649 auscultare,
1424 567 1536 630 sed
1577 566 1722 631 heic
1765 566 1994 630 suffixa
2035 565 2268 649 tigillo

361 665 432 714 40
546 650 823 716 Tantum
866 649 1113 733 operire
1156 649 1323 713 soles
1368 654 1478 714 aut
1520 652 1765 734 aperire
1808 650 2118 715 domum?
2357 719 2360 720 γ

464 742 486 775 ‘
500 735 619 799 Sae
667 756 701 799 e
744 734 922 798 illam
966 734 1176 798 audivi
1221 734 1455 798 furtiva
1497 755 1652 799 voce
1694 735 2063 818 loquentem
2363 733 2369 842 1

550 819 633 883 So
662 840 766 882 am
810 840 954 882 cum
997 817 1248 882 ancillis
1273 817 1447 883 'haec
1491 841 1604 883 sua
1644 819 1915 904 flagitia,

462 901 744 969 Nomine
788 902 1100 967 dicentem
1131 923 1289 987 quos
1319 902 1591 967 diximus
1601 951 1620 985 ,
1664 908 1738 965 ut
1776 906 1928 986 pote
1973 924 2137 986 quae
2183 902 2281 967 mi

551 986 847 1070 Speraret
887 1008 1007 1051 nec
1051 988 1339 1070 linguam
1383 1007 1520 1052 esse
1562 1008 1682 1051 nec
1724 987 2092 1051 auriculam.

366 1083 432 1132 45
462 1070 799 1135 Praeterea
842 1070 1113 1134 addebat
1155 1070 1499 1154 quendam,
1545 1092 1733 1155 quem
1777 1070 1987 1135 dicere
2027 1070 2189 1134 nolo

547 1153 857 1235 Nomine,
901 1175 984 1218 ne
1027 1154 1217 1218 tollat
1256 1155 1448 1220 rubra
1490 1155 1845 1239 supercilia.

465 1238 729 1321 Longus
770 1236 1054 1320 homost,
1100 1259 1367 1323 magnas
1411 1240 1563 1322 quoi
1605 1240 1749 1302 lites
1793 1238 2013 1303 intulit
2056 1239 2223 1302 olim
2367 1319 2368 1324 ἵ

550 1321 813 1387 Falsum
855 1323 1144 1387 mendaci
1187 1328 1409 1386 ventre
1452 1323 1900 1407 puerperium.³
2361 1327 2369 1442 Τ

1132 1538 1454 1612 LXVIH.

468 1660 656 1739 Quod
696 1659 857 1725 mihi
898 1660 1156 1726 fortuna
1199 1683 1470 1745 casuque
1515 1684 1853 1746 oppressus
1897 1662 2125 1726 acerbo

558 1746 1007 1830 Conscriptum
1053 1746 1173 1811 hoc
1220 1747 1496 1811 lacrimis
1540 1748 1743 1810 mittis
1789 1747 2185 1830 epistolium,

468 1829 874 1915 Naufragum
895 1834 968 1893 ut
997 1832 1266 1896 eiectum
1297 1830 1737 1915 spumantibus
1768 1831 2058 1915 aequoris
2079 1830 2275 1895 undis

556 1915 892 1980 Sublevem
936 1918 1000 1979 et
1043 1939 1081 1979 a
1121 1916 1346 1980 mortis
1391 1917 1612 1980 limine
1653 1917 2013 2000 restituam,
2367 1982 2368 1995 ἦ

406 2012 439 2061 5
471 1998 673 2075 Quem
695 2019 901 2082 neque
933 2004 1152 2063 sancta
1174 1999 1391 2063 Venus
1428 2001 1606 2064 molli
1629 2000 2018 2084 requiescere
2042 2021 2270 2064 somno
2354 2002 2369 2073 ,Ν

553 2083 893 2148 Desertum
936 2085 1006 2147 in
1049 2085 1214 2148 lecto
1260 2085 1499 2148 caelibe
1541 2084 1916 2168 perpetitur,

469 2166 609 2234 Nec
651 2171 937 2232 veterum
981 2168 1150 2232 dulci
1195 2170 1578 2251 scriptorum
1622 2171 1901 2232 carmine
1942 2169 2163 2232 Musae

558 2252 927 2334 Oblectant,
975 2274 1119 2316 cum
1160 2274 1343 2316 mens
1390 2254 1577 2316 anxia
1618 2254 1796 2337 pervi
1844 2254 1987 2335 ilat,

470 2336 547 2400 Id
575 2338 894 2420 gratumst
920 2336 1110 2421 mihi,
1158 2359 1261 2400 me
1302 2338 1603 2419 quoniam
1630 2336 1751 2400 tibi
1823 2336 1937 2400 icis
1969 2337 2272 2421 amicum,

375 2435 441 2484 10
553 2421 941 2502 Munera-que
987 2425 1051 2485 et
1091 2422 1418 2488 Musarum
1461 2421 1612 2485 hinc
1653 2422 1821 2505 petis
1866 2426 1930 2485 et
1968 2419 2266 2485 Veneris:

474 2504 597 2570 Sed
642 2504 760 2568 tibi
804 2526 885 2568 ne
930 2527 1071 2568 mea
1114 2505 1245 2569 sint
1286 2505 1513 2590 ignota
1553 2505 1988 2588 incommoda,
2031 2504 2233 2587 Mani,

557 2588 700 2653 Neu
744 2610 846 2652 me
890 2590 1098 2654 odisse
1140 2593 1326 2673 putes
1370 2590 1642 2674 hospitis
1688 2589 1996 2670 officium,

472 2675 742 2757 Accipe,
790 2674 930 2756 quis
973 2695 1210 2737 merser
1252 2675 1544 2738 fortunae
1585 2674 1880 2737 fluctibus
1924 2674 2086 2756 ipse,

559 2757 658 2822 Ne
703 2758 971 2841 amplius
1017 2780 1054 2821 a
1094 2758 1325 2822 misero
1371 2757 1540 2822 dona
1580 2759 1769 2821 beata
1817 2762 2014 2841 petaS.
2351 2796 2369 2831 e

378 2859 442 2906 15
473 2843 786 2926 Tempore
831 2863 954 2926 quo
998 2842 1275 2927 primum
1318 2843 1513 2906 vestis
1556 2842 1715 2906 mihi
1756 2842 1990 2906 tradita
2028 2840 2256 2926 purast,

558 2926 912 2991 Iocundum
957 2948 1100 2991 cum
1144 2930 1316 2990 aetas
1360 2927 1586 2991 florida
1627 2949 1738 2991 ver
1780 2931 2028 3010 ageret,

472 3012 680 3076 Multa
722 3012 876 3075 satis
920 3012 1075 3075 lusi:
1118 3032 1254 3075 non
1298 3015 1396 3075 est
1438 3011 1556 3074 dea
1598 3011 1815 3076 nescia
1855 3010 2087 3093 nostri,

560 3095 734 3170 Quae
779 3096 1027 3159 dulcem
1072 3096 1239 3158 curis
1283 3096 1508 3159 miscet
1552 3097 1939 3160 amaritiem:

475 3177 601 3241 Sed
642 3180 850 3241 totum
894 3179 1016 3242 hoc
1060 3179 1340 3243 studium
1381 3180 1558 3243 luctu
1589 3180 1869 3243 fraterna
1896 3179 2055 3243 mihi
2093 3201 2252 3244 mors

374 3269 443 3314 20
555 3259 858 3323 Abstulit.
922 3282 959 3323 o
1004 3261 1235 3325 misero
1279 3263 1476 3325 frater
1516 3264 1807 3346 adempte
1850 3263 2037 3346 mihi,

475 3337 573 3398 Tu
615 3360 756 3401 mea
797 3346 869 3404 tu
910 3343 1188 3406 moriens
1235 3345 1484 3429 fregisti
1528 3346 1883 3428 commoda,
1927 3347 2145 3432 frater,
2275 3374 2280 3379 ·

561 3416 795 3482 Tecum
839 3445 967 3486 una
1006 3428 1210 3489 totast
1249 3431 1470 3491 nostra
1513 3428 1760 3512 sepulta
1803 3428 2026 3493 domus
2036 3479 2055 3514 ,
