2409 3825
1085 203 1166 262 v1

371 371 527 432 Esse
551 368 701 448 apud
723 370 1042 432 Hammonis
1068 369 1255 429 fanum
1278 368 1405 429 fons
1429 368 1562 430 luce
1588 369 1777 429 diurna

278 454 528 533 frigidus
552 463 612 514 et
635 452 850 515 calidus
874 464 1153 514 nocturno
1183 463 1445 531 tempore
1467 453 1662 513 fertur.

121 550 256 605 850
276 540 436 598 hunc
457 537 718 598 hominos
741 537 957 598 fontem
980 539 1141 598 nimis
1173 536 1510 597 admirantur
1530 547 1588 597 et
1616 538 1734 596 acri

285 621 419 682 sole
448 630 645 700 putant
667 631 867 700 supter
888 630 1068 682 terras
1091 620 1426 680 fervescere
1456 622 1655 700 raptim
1672 666 1689 697 ‚

285 724 409 765 nox
431 705 525 764 ubi
550 705 786 764 terribili
808 714 991 765 terras
1019 704 1263 782 caligine
1287 705 1446 764 texit.

289 787 447 867 quod
469 789 631 847 nimis
655 806 687 847 a
711 797 903 849 verast
924 786 1100 866 longe
1123 789 1340 847 ratione
1369 797 1679 847 remotum:

290 874 507 951 quippe
525 916 543 947 ‚
576 871 671 931 ubi
694 870 784 933 sol
807 870 1014 931 nudum
1038 879 1393 932 contractans
1420 888 1629 950 corpus
1653 871 1813 948 aquai

131 966 259 1021 855
291 973 409 1014 non
431 956 635 1033 quierit
659 953 901 1015 calidum
923 973 1130 1034 supera
1156 953 1227 1014 de
1248 954 1489 1015 reddere
1512 964 1672 1033 parte
1689 999 1706 1031 ,

289 1057 420 1098 cum
445 1056 712 1117 superum
733 1037 923 1099 lumen
945 1048 1100 1099 tanto
1122 1037 1353 1097 fervore
1378 1037 1590 1098 fruatur
1605 1084 1621 1114 ‚

289 1125 387 1200 qui
413 1131 584 1200 queat
606 1121 698 1182 hic
723 1131 924 1200 supter
949 1133 1059 1183 tam
1084 1139 1281 1182 crasso
1307 1139 1551 1200 corpore
1574 1131 1778 1181 terram

286 1222 650 1285 percoquere
676 1223 926 1266 umorem
950 1217 1007 1267 et
1032 1205 1214 1266 calido
1239 1205 1448 1265 donare
1472 1202 1731 1284 vapore?

287 1290 628 1369 praesertim
652 1308 780 1349 cum
805 1291 901 1349 vix
923 1291 1109 1369 possit
1128 1308 1237 1368 per
1258 1298 1421 1367 septa
1447 1288 1736 1348 domorum

135 1383 265 1439 860
284 1375 571 1437 insinuare
594 1391 757 1433 suum
778 1371 949 1434 radiis
975 1373 1303 1433 ardentibus
1326 1382 1561 1432 aestum.

290 1475 438 1536 quae
462 1458 661 1517 ratiost
683 1454 892 1534 igitur?
921 1458 1176 1516 nimirum
1194 1501 1214 1533 ,
1239 1466 1390 1516 terra
1413 1457 1592 1532 magis
1626 1455 1779 1534 quod

288 1558 414 1600 rara
437 1550 598 1619 tepet
625 1541 836 1599 circum
860 1540 1074 1601 fontem
1094 1557 1260 1619 quam
1286 1549 1478 1599 cetera
1499 1538 1672 1598 tellus
1692 1585 1708 1613 ‚

287 1623 577 1701 multaque
601 1633 730 1684 sunt
751 1625 899 1700 ignis
925 1642 1109 1703 prope
1134 1625 1348 1684 semina
1374 1640 1582 1700 corpus
1605 1623 1786 1700 aquai.

287 1709 404 1767 hoc
426 1708 523 1767 ubi
543 1707 802 1767 roriferis
823 1716 1028 1767 terram
1055 1725 1170 1767 nox
1190 1707 1378 1767 obruit
1400 1705 1613 1766 umbris
1632 1751 1648 1782 ,

137 1803 263 1857 865
290 1788 585 1869 extemplo
605 1792 832 1869 penitus
855 1791 1117 1869 frigescit
1139 1801 1290 1851 terra
1314 1791 1572 1868 coitque:

286 1877 399 1935 hac
425 1876 640 1935 ratione
669 1875 731 1935 fit
758 1883 851 1952 ut,
874 1885 1152 1954 tamquam
1177 1892 1506 1953 compressa
1528 1891 1692 1934 manu
1722 1875 1826 1950 sit,

290 1961 567 2038 exprimat
587 1960 644 2018 in
666 1958 1048 2037 fontemquae
1071 1961 1286 2020 semina
1309 1976 1550 2038 cumque
1574 1958 1745 2019 habet
1768 1959 1915 2035 ignis
1930 2003 1950 2034 ‚

290 2061 440 2123 quae
465 2041 703 2103 calidum
726 2043 935 2104 faciunt
954 2050 1134 2121 aquae
1157 2052 1365 2103 tactum
1393 2051 1563 2119 atque
1588 2059 1869 2121 saporem.

289 2126 426 2187 inde
447 2127 540 2187 ubi
567 2125 656 2188 sol
678 2125 848 2188 radiis
871 2135 1078 2187 terram
1101 2126 1331 2186 dimovit
1355 2127 1591 2187 obortus

132 2222 260 2278 870
288 2220 353 2272 et
372 2210 640 2271 rarefecit
669 2210 852 2271 calido
875 2210 1160 2290 gliscente
1188 2228 1403 2290 vapore
1420 2257 1438 2287 ,

291 2314 490 2356 rursus
513 2298 570 2355 in
592 2297 845 2373 antiquas
868 2294 1111 2356 redeunt
1140 2294 1439 2374 primordia
1464 2295 1637 2355 sedes

289 2380 475 2456 ignis,
501 2388 558 2438 et
581 2381 866 2439 interram
899 2378 1051 2440 cedit
1081 2378 1236 2439 calor
1263 2381 1440 2440 omnis
1464 2382 1645 2457 aquai.

286 2461 529 2539 frigidus
553 2464 697 2522 hanc
722 2463 796 2523 ob
820 2481 942 2523 rem
965 2464 1023 2523 lit
1046 2463 1174 2524 fons
1198 2465 1254 2522 in
1275 2462 1408 2524 luce
1434 2462 1643 2522 diurna.

286 2554 591 2625 praeterea
622 2546 762 2606 solis
785 2546 954 2607 radiis
979 2549 1216 2607 iactatur
1235 2549 1397 2625 aquai

138 2640 263 2697 875
291 2647 456 2689 umor
478 2632 612 2690 etin
635 2628 827 2691 lucem
850 2630 1091 2691 tremulo
1115 2632 1355 2691 rarescit
1379 2629 1447 2689 ab
1472 2639 1663 2691 aestu:

286 2724 601 2793 propterea
621 2713 681 2774 fit
705 2716 784 2775 uti
809 2733 952 2793 quae
977 2716 1190 2775 semina
1214 2732 1455 2792 cumque
1477 2712 1648 2773 habet
1671 2715 1817 2789 ignis

291 2797 558 2866 dimittat;
586 2800 744 2877 quasi
771 2817 949 2877 saepe
972 2799 1197 2877 gelum,
1227 2797 1378 2876 quod
1405 2799 1655 2858 continet
1675 2799 1818 2857 inse
1835 2842 1852 2874 ,

287 2883 456 2942 mittit
479 2890 537 2941 et
558 2882 774 2942 exolvit
797 2882 1041 2960 glaciem
1061 2881 1359 2960 nodosque
1384 2881 1616 2958 relaxat.

378 2964 639 3043 Frigidus
664 2976 754 3027 est
778 2968 945 3027 etiam
966 2966 1094 3027 fons
1109 3013 1127 3044 ,
1154 2984 1325 3045 supra
1349 2984 1518 3044 quem
1540 2967 1644 3025 sita
1668 2984 1844 3043 saepe

146 3059 266 3115 880
296 3058 505 3128 stuppa
527 3051 658 3110 iacit
681 3050 952 3110 flammam
975 3059 1261 3129 concepto
1286 3052 1542 3128 protinus
1565 3050 1713 3125 igni,

290 3133 575 3211 taedaque
601 3133 877 3195 consimili
898 3135 1116 3193 ratione
1138 3152 1385 3194 accensa
1406 3151 1513 3211 per
1535 3132 1710 3191 undas

289 3216 596 3294 conlucet,
620 3236 980 3297 quocumque
1002 3221 1197 3278 natan's
1227 3216 1532 3295 impellitur
1553 3218 1721 3274 auris.

283 3302 545 3361 nimirum
560 3347 578 3378 ,
607 3303 734 3380 quia
758 3304 960 3362 suntin
984 3318 1125 3380 aqua
1149 3300 1424 3379 permulta
1446 3301 1673 3377 vaporis

286 3386 504 3445 semina
519 3430 536 3460 ‚
563 3384 634 3445 de
654 3394 922 3463 terraque
945 3395 1248 3446 necessest
1275 3383 1522 3442 funditus
1548 3385 1670 3459 ipsa

147 3476 261 3532 885
292 3470 445 3545 ignis
471 3486 714 3547 corpora
739 3489 849 3549 per,
867 3479 1045 3529 totum
1072 3485 1424 3544 consurgere
1441 3465 1665 3550 *fontem

110 3767 215 3782 ,LA-nr.

2005 198 2125 263 187
