2409 3825
256 178 347 243 28
1083 181 1390 239 OATVLLI
2003 183 2199 255 [Lm

431 341 578 409 Vno
619 343 693 409 in
731 343 999 427 lectulo,
1045 344 1343 408 erudituli
1386 342 1573 408 ambo
1585 391 1605 428 ‚

430 427 585 493 Non
625 428 731 494 hic
773 450 966 512 quam
1005 427 1115 492 ille
1157 428 1363 513 magis
1405 449 1604 493 vorax
1647 427 1924 512 adulter,

429 511 688 577 Rivales
731 512 929 577 soeiei
969 511 1405 595 puellularum.
1539 579 1545 588 ,

265 608 331 659 10
426 595 653 662 Pulere
697 596 998 662 convenit
1037 596 1326 679 inprobis
1372 595 1674 663 cinaedis-

1094 842 1350 917 LVIII.

435 970 648 1055 Caeli,
688 971 921 1038 Lesbia
959 976 1214 1057 nostra,
1257 972 1489 1037 Lesbia
1529 974 1675 1058 illa,

430 1055 556 1121 Illa
593 1056 854 1141 Lesbia,
898 1078 1087 1143 quam
1131 1056 1419 1123 Catullus
1462 1079 1658 1122 unam

432 1139 587 1204 Plus
629 1161 819 1225 quam
861 1162 929 1205 se
973 1144 1163 1240 atque
1207 1162 1355 1206 suos
1399 1142 1637 1206 amavit
1678 1163 1898 1208 omnes
1913 1190 1934 1226 ,

432 1222 622 1289 Nune
663 1225 735 1289 in
777 1224 1121 1309 quadrivns
1165 1228 1232 1291 et
1272 1225 1627 1311 angiportis

292 1320 327 1369 5
435 1307 657 1373 Glubit
696 1310 1141 1395 magnanimos
1183 1308 1370 1374 Remi
1412 1312 1699 1394 nepotes.

1071 1556 1361 1630 LVIHI.

433 1685 862 1752 Bononiensis
904 1686 1072 1752 Rufa
1112 1687 1417 1753 Rufulum
1458 1688 1669 1772 fellat,

435 1770 615 1835 onr
655 1770 944 1855 Meneni,
989 1794 1176 1856 saepe
1220 1792 1409 1855 quam
1451 1773 1522 1837 in
1563 1772 1935 1856 sepulcretis

434 1852 702 1920 Vidistis
744 1855 886 1940 ipso
928 1877 1150 1941 rapere
1194 1856 1271 1922 de
1314 1876 1475 1942 rogo
1519 1877 1741 1922 cenam
1750 1906 1770 1941 ,

438 1937 600 2004 Cum
643 1938 1007 2005 devolutum
1051 1963 1129 2006 ex
1168 1941 1321 2025 igne
1363 1962 1752 2026 prosequens
1793 1962 2028 2027 panem

293 2035 328 2084 5
432 2021 541 2087 Ab
583 2023 885 2088 semiraso
927 2024 1299 2090 tunderetur
1340 2029 1573 2090 ustore.

1149 2274 1299 2347 LX.
1388 2242 1402 2253 ’

433 2400 609 2468 Num
650 2403 717 2466 te
758 2401 983 2466 leaena
1023 2404 1349 2469 montibus
1393 2403 1742 2489 Libystinis

435 2486 573 2551 Aut
613 2484 827 2569 Scylla
866 2487 1109 2551 latrans
1152 2488 1373 2553 infima
1414 2489 1750 2574 inguinum
1790 2490 1972 2572 parte

437 2569 596 2634 Tam
637 2573 851 2634 mente
895 2569 1052 2634 dura
1091 2573 1451 2656 procreavit
1492 2595 1566 2638 ao
1609 2575 1840 2655 taetra,

435 2653 528 2718 Vt
571 2653 875 2738 supplicis
919 2676 1140 2721 vocem
1182 2656 1253 2720 in
1293 2657 1640 2722 novissimo
1687 2677 1838 2720 casu

256 2749 261 2753 ’
293 2750 328 2799 5
436 2737 887 2823 contemptam
927 2737 1195 2804 haberes
1240 2743 1304 2806 a!
1350 2741 1543 2804 nimis
1584 2741 1722 2805 fero
1767 2738 2004 2805 eorde?

1131 2988 1317 3062 LXI.

674 3118 876 3184 Collis
922 3139 959 3183 o
1002 3118 1325 3183 Heliconii

759 3201 1014 3284 Cultor,
1060 3201 1338 3267 Vraniae
1379 3224 1614 3288 genus,

758 3284 883 3357 Qui
924 3286 1096 3368 rapis
1137 3288 1423 3350 teneram
1466 3287 1545 3350 ad
1587 3288 1791 3351 virum

672 3363 1002 3448 Virginem
1016 3415 1034 3447 ‚
1080 3388 1117 3430 o
1162 3367 1529 3451 Hymenaee
1569 3368 1856 3454 Hymen,

755 3445 810 3508 O
852 3447 1109 3528 Hymen
1149 3450 1548 3536 Hymenaee,
