2409 3825
308 179 394 245 44
1277 175 1329 236 ΙΙ

480 362 723 423 corpora
749 344 925 422 prima
953 343 1165 421 tribus,
1195 341 1291 401 vel
1319 342 1487 421 paulo
1516 343 1781 444 pluribus·
1801 363 1977 422 auge:

390 490 399 494 -
478 447 685 507 nempe
708 429 805 488 ubi
833 445 930 488 eas
959 428 1133 505 partis
1156 428 1319 486 unius
1346 429 1608 505 corporis
1633 429 1814 489 omnis
1831 474 1849 504 ‚

478 529 691 574 summa
715 520 886 589 atque
908 512 1018 569 ima
1038 509 1272 586 locans,
1299 519 1668 574 transmutans
1697 512 1933 573 dextera
1954 510 2142 575 laevis
2156 556 2184 593 ,

481 594 811 655 omnimodis
836 602 1110 672 expertus
1136 595 1285 671 eris,
1312 612 1476 672 quam
1507 597 1747 674 quisque
1772 595 1867 655 det
1892 594 2035 655 ordo

353 688 459 747 490
480 679 678 740 formai
701 679 962 757 speciem
982 679 1156 741 totius
1181 680 1443 755 corporis
1471 680 1596 741 eius
1613 724 1631 756 ‚

481 762 633 842 quod
658 770 960 841 superest,
984 762 1032 821 si
1055 758 1203 823 forte
1229 760 1395 825 voles
1417 764 1633 825 variare
1658 763 1865 840 figuras
1882 806 1901 838 ‚

479 845 794 907 addendum
815 847 989 922 partis
1011 843 1147 904 alias
1173 846 1297 907 erit.
1341 845 1472 905 inde
1493 857 1769 924 sequetur
1784 892 1803 924 ‚

480 928 720 989 adsimili
747 929 965 989 ratione
990 927 1127 987 alias
1150 938 1212 991 ut
1233 927 1489 1007 postulet
1513 930 1653 990 ordo
1667 976 1685 1007 ,

482 1015 532 1075 si
555 1021 615 1072 tu
640 1012 791 1072 forte
817 1010 985 1085 voles
1011 1014 1178 1072 etiam
1201 1014 1422 1075 variare
1449 1014 1676 1090 figuras.

356 1107 458 1162 495
483 1113 627 1174 ergo
653 1097 955 1155 formarum
982 1097 1291 1159 novitatem
1314 1099 1575 1175 corporis
1598 1114 1839 1175 augmen

483 1181 864 1258 subsequitur.
891 1197 1064 1258 quare
1086 1197 1200 1239 non
1223 1189 1313 1241 est
1337 1189 1398 1240 ut
1419 1180 1658 1243 credere
1679 1183 1869 1260 possis

485 1282 621 1324 esse
641 1264 868 1324 infinitis
896 1263 1155 1324 distantia
1175 1265 1391 1324 semina
1416 1264 1611 1326 fonnis
1626 1311 1644 1341 ,

486 1368 558 1408 ne
580 1348 850 1427 quaedam
874 1364 1051 1424 cogas
1075 1348 1279 1408 inmani
1287 1350 1641 1431 maximitate

489 1451 657 1509 esse,
681 1449 852 1510 supra
878 1430 1068 1510 quod
1051 1448 1159 1491 iam
1188 1409 1366 1493 docui
1378 1450 1490 1495 non
1514 1426 1960 1511 posseprobari.

278 1546 287 1555 2
357 1528 463 1582 500
489 1519 596 1575 iam
619 1517 718 1575 tibi
742 1515 1070 1575 barbaricae
1092 1525 1292 1578 vestes
1317 1515 1718 1596 Meliboeaque
1741 1514 1968 1592 fulgens

491 1617 737 1680 purpura
762 1598 1097 1661 Thessalico
1124 1599 1468 1660 concharum
1492 1609 1641 1663 tacta
1672 1599 1869 1659 colore

489 1683 779 1763 caudaque
803 1700 1082 1762 pavonum
1107 1684 1313 1744 'ridenti
1344 1685 1553 1745 imbuta
1574 1684 1778 1763 lepore

490 1785 665 1828 caeca
689 1784 839 1827 novo
861 1786 1049 1827 rerum
1070 1776 1338 1846 superata
1365 1767 1562 1827 colore
1585 1771 1839 1828 iacerent

493 1861 551 1912 et
576 1860 935 1931 contemptus
960 1850 1102 1912 odor
1127 1869 1389 1927 smyrnae
1411 1851 1713 1931 mellisque
1738 1867 1975 1930 sapores
1992 1893 2010 1925 ,

363 1948 465 2000 505
489 1944 549 1996 et
572 1953 789 2010 cycnea
808 1935 960 1996 mele
987 1936 1372 2015 Phoebeaque
1399 1937 1630 1997 daedala
1653 1935 1880 1997 chordis

492 2022 734 2079 carmina
757 2019 1033 2080 consimili
1056 2023 1275 2081 ratione
1302 2038 1584 2099 oppressa
1611 2020 1877 2084 silerent:

489 2121 729 2182 namque
752 2104 877 2164 aliis
899 2104 1049 2165 aliud
1072 2106 1454 2184 praestantius
1474 2113 1826 2166 exoraretur.
1919 2149 1926 2154 .

492 2189 706 2248 cedere
729 2189 864 2248 item
886 2198 1043 2248 retro
1064 2197 1307 2268 possent
1335 2191 1394 2248 in
1416 2188 1736 2249 deteriores

493 2273 676 2332 omnia
698 2274 785 2332 sic
809 2273 983 2351 partis
1004 2318 1022 2349 ,
1053 2282 1114 2333 ut
1142 2271 1383 2333 diximus
1405 2276 1464 2332 in
1484 2272 1767 2332 melioris:

363 2367 468 2419 510
492 2373 732 2434 namque
756 2355 879 2416 aliis
902 2355 1053 2416 aliud
1075 2365 1232 2416 retro
1264 2375 1494 2435 quoque
1518 2358 1751 2418 taetrius
1777 2362 1935 2415 esset

491 2439 719 2500 naribus
745 2439 975 2499 auribus
996 2449 1167 2518 atque
1194 2439 1380 2501 oculis
1397 2442 1632 2519 orisque
1659 2441 1865 2518 sapori.

495 2541 640 2602 quae
667 2526 926 2601 quoniam
948 2541 1062 2583 non
1092 2532 1222 2584 sunt
1239 2570 1259 2600 ‚
1284 2526 1399 2585 sed
1420 2524 1595 2590 rebus
1618 2523 1839 2584 reddita
1861 2531 2021 2582 certa

493 2607 619 2667 finis
645 2609 925 2686 utrimque
947 2617 1106 2668 tenet
1128 2626 1400 2668 summam
1417 2653 1435 2686 ,
1463 2607 1678 2670 fateare
1703 2614 2008 2668 necessest

491 2693 782 2751 materiem
807 2709 1037 2770 quoque
1070 2692 1240 2754 finitis
1265 2692 1494 2758 differre
1523 2692 1735 2770 liguris.

367 2786 468 2837 515
494 2774 740 2853 denique
762 2776 833 2836 ab
855 2776 1081 2853 ignibus
1103 2774 1173 2835 ad
1197 2774 1418 2853 gelidas
1441 2778 1549 2839 iter
1571 2793 1751 2853 usque
1776 2774 2001 2853 pruinas

494 2858 763 2920 finitumst
784 2868 1058 2938 retroque
1082 2861 1202 2937 pari
1226 2862 1447 2922 ratione
1469 2867 1864 2922 remensumst.

493 2941 666 3001 ambit
689 2945 838 3002 enim
868 2941 1026 3003 calor
1047 2961 1119 3004 ac
1140 2942 1322 3021 frigus
1339 2989 1357 3021 ,
1380 2943 1665 3022 mediique
1687 2953 1926 3021 tepores

493 3028 882 3105 interutraque
904 3029 1092 3088 iacent
1119 3027 1428 3105 explentes
1448 3027 1646 3088 ordine
1671 3042 1969 3088 summam:

493 3125 639 3186 ergo
661 3109 812 3170 linita
834 3110 1040 3171 distant
1058 3112 1278 3174 ratione
1301 3120 1523 3188 creata,

367 3202 472 3252 520
491 3193 724 3269 ancipiti
749 3196 1011 3273 quoniam
1034 3196 1291 3256 mucroni
1314 3196 1597 3272 utrimque
1618 3202 1914 3270 notantur,

494 3275 627 3333 hinc
656 3276 892 3340 flammis
913 3277 1073 3338 illinc
1095 3278 1297 3355 rigidis
1318 3277 1527 3340 intesta
1548 3279 1781 3356 pruinis.

527 3355 591 3435 ΙΙ
621 3356 787 3429 Quod
814 3363 1075 3437 quoniam
1098 3359 1270 3432 docui
1287 3405 1305 3438 ,
1330 3378 1566 3439 pergam
1588 3369 1899 3422 conectere
1924 3377 2046 3418 rem
2071 3377 2229 3438 quae

497 3458 574 3499 ex
594 3440 708 3499 boc
729 3450 859 3518 apta
881 3442 1049 3504 fidem
1068 3443 1238 3503 ducat
1250 3443 1597 3522 ‚primordia
1623 3461 1813 3503 rerum
1829 3488 1848 3520 ‚
