2409 3825
37 184 412 255 xxxxmq
918 182 1152 240 LIBER.

256 345 520 410 Amicos
562 342 962 429 medicosque
1008 348 1385 421 convocate:

254 429 410 495 Non
453 432 552 493 est
593 450 751 494 sana
790 429 1021 512 puella.
1079 450 1198 495 nec
1241 432 1497 514 rogate,

255 512 477 589 Qualis
523 513 637 578 sit:
683 513 850 578 solet
892 534 1031 578 esse
1072 512 1453 601 imaginosa.

862 726 1228 803 XXXXII.

254 851 530 934 Adeste,
573 849 1121 933 hendecasyllabi,
1166 852 1324 932 quot
1366 850 1518 917 estis

257 934 498 1001 Omnes
540 932 848 1016 undique,
894 937 1208 1017 quotquot
1250 935 1404 998 estis
1448 955 1689 1001 omnes.
1824 994 1833 999 .

251 1019 479 1084 Iocum
520 1038 624 1082 me
666 1019 853 1102 putat
894 1038 1032 1083 esse
1075 1017 1342 1085 moecha
1381 1018 1588 1102 turpis

251 1100 345 1168 Et
386 1105 583 1189 negat
622 1100 785 1169 mihi
824 1103 1046 1165 nostra
1086 1101 1474 1167 reddituram

252 1186 635 1272 Pugillaria,
680 1186 736 1250 si
775 1186 915 1269 pati
955 1186 1244 1270 potestis

250 1270 715 1354 Persequamur
758 1291 896 1334 eam
906 1319 926 1353 ,
970 1272 1036 1333 et
1077 1270 1527 1355 reflagitemuS.

254 1354 432 1430 Quae
477 1355 589 1437 sit,
677 1353 956 1418 uaeritis.
1012 1354 1154 1437 illa,
1199 1376 1389 1438 quam
1432 1355 1663 1419 videtis

251 1437 597 1586 {3}ssssss
640 1459 835 1586 0253}
876 1437 1561 1587 ffinffiffiaffksoe

253 1604 719 1671 Circumsistite
763 1626 931 1688 eam,
977 1608 1043 1670 et
1081 1606 1196 1670 refl
1287 1607 1465 1690 tate,

258 1689 564 1758 ‘Moecha
604 1689 855 1774 putida,
898 1689 1091 1754 redde
1136 1711 1212 1755 co
1257 1691 1494 1773 iciuos,

252 1772 508 1856 Redde,
550 1773 775 1871 putida
815 1773 1117 1857 moecha,
1164 1774 1535 1840 codicillos.’

251 1856 411 1924 Non
452 1879 609 1924 assis
652 1857 857 1924 facis?
903 1878 941 1922 o
984 1858 1222 1943 lutum,
1265 1860 1564 1946 lupanar,

253 1943 394 2006 Aut
435 1943 490 2007 si
529 1942 838 2026 perditius
880 1945 1097 2027 potest
1138 1944 1289 2028 quid
1334 1965 1491 2010 esse.

255 2025 383 2091 Sed
424 2048 559 2091 non
600 2031 699 2091 est
736 2029 953 2091 tamen
994 2026 1118 2093 hoc
1162 2029 1316 2093 satis
1360 2028 1732 2112 putandum.

255 2109 442 2185 Quod
483 2110 541 2175 si
580 2131 717 2175 non
757 2110 931 2174 aliud
972 2114 1218 2196 potest,
1262 2112 1559 2178 ruborem

252 2193 489 2259 Ferreo
532 2195 710 2259 canis
754 2195 1181 2279 exprimamus
1226 2217 1354 2262 ore.

257 2276 666 2344 conclamate
710 2279 943 2343 iterum
984 2280 1212 2347 altiore
1254 2301 1408 2347 voce

255 2361 562 2428 ‘Moecha
602 2363 851 2446 putida,
896 2362 1087 2427 redde
1133 2364 1490 2447 codicillos,

252 2445 505 2529 Redde,
543 2446 768 2530 putida
808 2446 1107 2531 moecha,
1149 2449 1522 2514 codicillos.'

254 2529 382 2595 Sed
422 2531 517 2594 nil
558 2531 924 2614 proficimus
936 2580 955 2615 ,
999 2531 1164 2595 nihil
1205 2537 1515 2599 movetur.
1573 2558 1580 2566 ’

251 2613 628 2679 Mutandast
666 2616 829 2680 ratio
874 2614 1225 2699 modusque
1267 2617 1448 2681 vobis
1461 2666 1478 2698 ‚

195 2747 201 2751 -
256 2696 479 2781 Siquid
522 2698 827 2782 proficere
870 2699 1141 2783 amplius
1184 2702 1450 2783 potestis
1465 2750 1484 2784 ,

252 2780 531 2845 ‘Pudica
573 2786 638 2846 et
677 2782 906 2867 proba,
950 2783 1142 2847 redde
1189 2784 1567 2850 codicillos!

839 2996 1242 3071 XXXXHI.

253 3117 475 3201 Salve,
514 3139 636 3183 nec
677 3118 941 3184 minimo
982 3120 1196 3203 puella
1238 3142 1395 3185 naso

249 3202 393 3267 Nec
436 3202 605 3267 bello
648 3203 809 3287 pede
852 3224 971 3269 nec
1013 3204 1218 3289 nigris
1263 3205 1483 3270 ocellis

249 3286 393 3351 Nec
435 3285 649 3372 longis
693 3287 911 3384 digitis
953 3309 1073 3352 nec
1116 3309 1225 3352 ore
1270 3290 1438 3353 sicco

249 3370 318 3435 N
321 3392 392 3434 ec
436 3392 589 3436 sane
631 3372 823 3436 nim1s
869 3372 1160 3455 elegante
1204 3372 1456 3459 lingua,

248 3452 625 3521 Decoctoris
671 3456 875 3521 amica
917 3456 1267 3522 Formiani.

1935 175 2016 241 21

1947 1622 2017 1671 10

1947 2044 2016 2093 15

1946 2465 2018 2514 20
