2409 3825
130 170 383 242 mmm
980 172 1212 229 LIBER.
1985 170 2074 235 43

133 331 286 398 Heu
322 332 552 397 misere
595 333 925 420 exagitans
967 334 1180 399 inmiti
1226 335 1412 401 corde
1455 336 1701 403 furores

134 416 372 482 Sancte
413 439 600 500 puer,
645 418 813 482 curis
855 416 1186 484 hominum
1275 420 1339 486 ui
1428 421 1616 486 audia
1656 420 1915 504 misces,
2002 433 2071 483 95

135 499 440 584 Quaeque
469 501 642 586 regis
675 500 917 587 Golgos
948 441 1378 587 quaequeqlda
1404 505 1535 569 ium
1562 504 1939 570 frondosum
1951 521 1985 588 ‚·

135 583 450 659 Qualibus
494 586 821 650 incensam
863 585 1146 651 iactastis
1188 590 1404 652 mente
1445 588 1725 672 puellam

132 667 470 733 Fluctibus
513 670 585 733 in
625 668 789 735 flavo
835 690 1024 755 saepe
1065 670 1322 768 hospite
1366 672 1820 756 suspirantem!

16 807 17 812 ,
133 751 428 827 Quantos
469 753 583 817 illa
623 753 774 818 tulit
815 754 1147 839 languenti
1190 754 1381 820 corde
1422 756 1717 822 timores!

136 835 347 911 Quam
386 839 525 900 tum
568 858 758 922 saepe
798 839 1005 922 magis
1042 840 1084 920 -ἶ-
1112 838 1364 924 fulgore
1408 840 1714 924 expalluit
1756 841 1921 906 auri!
1971 853 2071 903 100

135 918 305 986 Cum
336 941 588 985 saevom
619 921 880 1005 cupiens
908 924 1136 986 contra
1163 924 1547 988 contendere
1584 928 1944 989 monstrum

134 1004 276 1069 Aut
302 1008 573 1069 mortem
604 1008 935 1089 oppeteret
952 1005 1236 1072 Theseus
1266 1009 1379 1072 aut
1403 1008 1686 1092 praemia
1712 1005 1940 1074 laudis.

133 1087 293 1154 Non
336 1088 589 1173 ingrata
628 1093 844 1154 tamen
886 1091 1122 1155 frustra
1160 1093 1541 1156 munuscula
1587 1092 1747 1157 divis

134 1171 529 1237 Promittens
570 1173 765 1239 tacito
812 1175 1096 1259 succepit
1135 1178 1287 1239 vota
1328 1174 1581 1241 labello,

133 1254 310 1322 Nam
351 1257 528 1321 velut
567 1257 638 1321 in
681 1279 928 1324 summo
974 1258 1366 1343 quatientem
1407 1260 1671 1325 brachia
1714 1261 1922 1326 Tauro
1970 1272 2068 1322 105

47 1391 58 1401 .
135 1339 457 1416 Quercum
499 1344 609 1406 aut
653 1342 1020 1428 conigeram
1065 1343 1319 1408 sudanti
1362 1344 1598 1408 cortice
1641 1345 1866 1428 pinum

132 1423 530 1490 Indomitum
572 1425 805 1490 turben
846 1429 1273 1510 contorquens
1303 1426 1571 1502 *flamine
1619 1428 1818 1492 robur

132 1506 328 1573 Eruit
371 1509 510 1594 (illa
549 1510 774 1592 procul
813 1510 1118 1575 radicitus
1162 1511 1496 1578 exturbata

134 1591 351 1657 Prona
393 1593 591 1677 cadit,
634 1594 762 1659 late
805 1597 992 1678 quast
1030 1594 1307 1678 impetus
1352 1594 1542 1659 obvia
1581 1594 1954 1682 frangens),

16 1681 17 1684 ’
136 1674 247 1741 Sic
291 1676 531 1741 domito
575 1698 830 1743 saevom
870 1678 1216 1762 prostravit
1260 1699 1523 1763 corpore
1568 1678 1849 1744 Theseus
1971 1692 2072 1774 110

133 1759 544 1844 Nequiquam
587 1761 767 1826 vanis
810 1762 1156 1827 iactantem
1199 1783 1437 1828 cornua
1477 1764 1705 1828 ventis.

132 1844 297 1910 Inde
339 1844 566 1928 pedem
610 1867 829 1930 sospes
870 1847 1073 1912 multa
1114 1867 1259 1912 cum
1303 1846 1489 1912 laude
1531 1847 1778 1913 reflexit

16 1944 33 2001 ’,
134 1928 518 1995 Errabunda
558 1951 789 2014 regens
833 1931 1010 1995 tenui
1051 1931 1322 2016 vestigia
1363 1932 1505 2014 filo,

18 2024 19 2029 ’
135 2013 240 2079 Ne
284 2013 702 2097 labyrintheis
747 2036 781 2078 e
823 2014 1089 2080 flexibus
1133 2015 1565 2113 egredientem

135 2097 323 2163 Tecti
363 2098 773 2162 frustraretur
813 2099 1300 2164 inobservabihs
1344 2121 1536 2164 error.
1968 2110 2068 2163 115

137 2181 267 2247 Sed
310 2181 461 2265 quid
504 2204 626 2267 ego
671 2204 710 2246 a
748 2184 956 2267 primo
1002 2184 1324 2268 digressus
1367 2184 1646 2249 carmine
1687 2184 1873 2267 plura

135 2264 627 2331 Conmemorem
640 2316 658 2350 ‚
704 2271 780 2330 ut
818 2267 1113 2350 linquens
1156 2268 1468 2352 genitoris
1510 2268 1644 2332 filia
1685 2269 1957 2352 voltum,

134 2349 231 2413 Vt
273 2351 781 2435 consanguineae
824 2352 1235 2435 conplexum,
1277 2357 1352 2416 ut
1394 2351 1664 2437 denique
1706 2354 1960 2436 matris,

18 2436 23 2441 ’
135 2433 317 2510 Quae
356 2434 590 2497 misera
631 2436 700 2499 in
742 2437 943 2520 gnata
984 2435 1313 2519 deperdita
1353 2437 1736 2518 laetabatur,

136 2517 455 2583 Omnibus
496 2516 598 2581 his
629 2517 858 2583 Thesei
900 2518 1149 2585 dulcem
1188 2521 1582 2603 praeoptarit
1624 2541 1934 2603 amorem,
1971 2530 2070 2581 120

134 2602 274 2667 Aut
315 2603 388 2664 ut
428 2604 610 2665 vecta
650 2602 773 2666 rati
816 2624 1118 2687 spumosa
1160 2604 1239 2666 ad
1283 2603 1475 2668 litora
1514 2603 1675 2668 Diae
1825 2620 1830 2623 “

20 2726 29 2733 -
152 2686 434 2764 Venerit,
480 2688 589 2750 aut
629 2689 703 2749 ut
744 2706 885 2750 eam
927 2686 1289 2752 devinctam
1332 2687 1572 2752 lumina
1616 2709 1841 2752 somno

134 2769 427 2853 Liquerit
468 2769 804 2835 inmemori
848 2770 1176 2836 discedens
1220 2775 1478 2854 pectore
1521 2771 1840 2836 coniunx?

136 2853 345 2937 Saepe
387 2853 564 2917 illam
606 2853 945 2937 perhibent
986 2855 1234 2920 ardenti
1279 2855 1465 2920 corde
1507 2856 1826 2922 furentem

136 2937 508 3004 Clarisonas
551 2939 679 3002 imo
723 2938 963 3004 fudisse
1007 2961 1042 3003 e
1079 2942 1340 3024 pectore
1381 2961 1602 3023 voces,
1970 2950 2069 3001 125

132 3025 236 3088 Ae
279 3026 420 3086 tum
462 3025 836 3106 praeruptos
879 3022 1128 3088 tristem
1171 3023 1596 3088 conscendere
1639 3026 1890 3089 montes
1907 3072 1927 3107 ,

132 3105 328 3171 Vnde
371 3105 571 3170 aciem
612 3106 684 3170 in
806 3106 937 3191 lagi
977 3109 1194 3173 vastos
1237 3107 1647 3191 protenderet
1687 3110 1900 3172 aestus
1914 3157 1933 3191 ‚

133 3190 304 3257 Tum
345 3187 600 3254 tremuli
644 3211 716 3254 sa
747 3190 794 3254 ‘s
839 3191 1132 3256 adversas
1174 3212 1545 3275 procurrere
1588 3193 1659 3256 in
1699 3190 1902 3257 undas

20 3296 27 3351 ξ
132 3273 366 3339 Mollia
405 3274 684 3339 nudatae
726 3273 1059 3339 tollentem
1101 3275 1393 3359 tegmina
1437 3297 1649 3359 surae,

133 3360 352 3442 Atque
386 3355 550 3423 ‘haec
579 3358 890 3423 extremis
933 3361 1244 3424 maestam
1288 3359 1522 3424 dixisse
1566 3358 1894 3444 querellis,
1972 3368 2072 3421 130

133 3441 500 3533 Frigidulos
529 3442 669 3513 .udo
713 3442 1031 3540 singultus
1075 3464 1184 3508 ore
1229 3444 1520 3509 cientem.
