2409 3825
219 168 340 230 140
1192 165 1247 225 V

378 353 453 395 ex
473 336 704 394 ineunte
726 349 873 394 aevo
898 334 1256 393 coniunctam
1279 342 1451 412 atque
1480 334 1665 394 uniter
1687 343 1871 413 aptam

259 473 268 493 ,
380 417 635 498 partibus
660 417 829 477 aeriis
854 415 1043 475 mundi
1059 461 1078 494 ,
1104 417 1309 494 quibus
1333 417 1498 477 insita
1519 418 1675 477 vivit.

377 510 685 580 propterea
705 517 818 560 non
845 509 933 560 est
957 501 1117 560 oneri
1138 517 1328 578 neque
1352 499 1612 578 deprimit
1645 519 1837 566 auras:

254 594 357 648 540
384 594 443 644 ut
466 603 568 645 sua
599 585 805 662 cuique
830 581 1041 642 homini
1063 582 1221 643 nullo
1245 591 1375 643 sunt
1396 582 1653 662 pondere
1673 585 1923 644 membra
1941 629 1964 661 ‚

378 687 489 729 nec
513 676 683 746 caput
711 676 801 727 est
825 668 983 726 oneri
1016 665 1170 726 collo
1190 711 1210 744 ,
1233 684 1344 726 nec
1368 665 1614 745 denique
1636 675 1816 727 totum

381 753 638 830 corporis
662 752 717 810 in
740 749 984 829 pedihus
1007 750 1230 828 pondus
1254 751 1528 810 sentimus
1551 750 1776 811 inesse:

378 845 435 895 at
459 851 851 914 quaecumque
879 833 1019 894 foris
1042 834 1276 893 veniunt
1295 835 1638 915 inpostaque
1660 834 1827 894 nobis

378 917 634 998 pondera
656 925 785 977 sunt
806 915 1070 994 laedunt,
1094 916 1378 995 permulto
1403 935 1581 996 saepe
1605 919 1837 977 minora.

251 1010 354 1065 545
378 1018 560 1081 usque
590 1000 735 1060 adeo
763 1002 949 1077 magni
976 999 1155 1061 refert
1186 1001 1320 1080 quid
1344 1019 1605 1079 quaeque
1633 1010 1797 1060 aveat
1820 1019 1936 1060 res.

381 1086 660 1161 sicigitur
683 1081 856 1143 tellus
880 1101 994 1143 non
1018 1093 1108 1144 est
1129 1084 1313 1145 aliena
1334 1093 1578 1162 repente

377 1167 546 1228 allata
567 1176 738 1246 atque
762 1168 910 1227 auris
934 1165 1159 1229 aliunde
1183 1168 1412 1228 obiecta
1433 1166 1634 1229 alienis
1651 1213 1669 1245 ,

381 1250 488 1312 sed
512 1252 726 1330 pariter
752 1252 929 1330 prima
953 1260 1237 1330 concepta
1259 1252 1330 1311 ab
1355 1253 1576 1328 origine
1600 1250 1788 1309 mundi

382 1344 652 1413 certaque
677 1351 808 1413 pars
839 1336 960 1395 eius
979 1380 999 1411 ,
1024 1336 1183 1412 quasi
1209 1335 1373 1394 nobis
1397 1336 1647 1395 membra
1662 1381 1681 1411 ‚
1705 1333 1991 1394 videntur.

251 1428 356 1481 550
376 1428 674 1498 praeterea
699 1417 895 1496 grandi
916 1420 1126 1479 tonitru
1151 1434 1434 1478 concussa
1453 1425 1695 1497 repente

377 1511 529 1562 terra
552 1519 723 1581 supra
748 1520 893 1581 quae
918 1521 981 1562 se
1009 1511 1139 1562 sunt
1166 1502 1421 1562 concutit
1444 1503 1624 1561 omnia
1647 1511 1832 1570 motu3

382 1585 533 1665 quod
556 1584 751 1646 facere
773 1585 906 1646 haut
928 1584 1044 1646 ulla
1073 1594 1277 1664 posset
1303 1586 1520 1645 ratione
1536 1631 1554 1663 ,
1578 1585 1685 1645 nisi
1708 1593 1867 1644 esset

377 1670 630 1748 partibus
653 1670 821 1730 aeriis
850 1667 1038 1728 mundi
1071 1669 1352 1748 caeloque
1375 1670 1662 1728 revincta:

376 1771 501 1812 nam
526 1753 914 1813 communibus
939 1754 1085 1812 inter
1106 1772 1172 1813 se
1197 1751 1481 1812 radicibus
1503 1753 1741 1812 haerent

252 1844 356 1897 555
383 1854 459 1896 ex
478 1837 709 1897 ineunte
735 1852 879 1896 aevo
903 1837 1204 1896 coniuncta
1226 1844 1397 1916 atque
1419 1837 1605 1895 uniter
1626 1845 1772 1915 apta.

379 1938 568 1981 nonne
590 1920 754 1982 vides
780 1922 948 1979 etiam
971 1939 1135 2000 quam
1153 1937 1363 1998 magno
1383 1920 1640 1999 pondere
1670 1918 1834 1979 nobis

381 2005 658 2065 sustineat
683 2021 891 2082 corpus
915 2005 1244 2065 tenuissima
1267 2006 1355 2064 vis
1377 2003 1573 2064 animai

382 2096 689 2167 propterea
713 2089 842 2166 quia
865 2095 982 2147 tum
1005 2090 1305 2148 coniuncta
1332 2097 1503 2167 atque
1526 2087 1712 2146 uniter
1734 2094 1865 2164 apta
1895 2083 2034 2147 est?

380 2171 625 2251 denique
646 2172 755 2231 iam
778 2170 925 2231 saltu
946 2172 1164 2249 pernici
1188 2170 1397 2231 tollere
1423 2189 1630 2250 corpus

255 2263 359 2318 560
386 2254 519 2333 quid
541 2256 692 2333 potis
717 2264 806 2315 est
831 2255 938 2313 nisi
959 2256 1048 2314 vis
1072 2256 1269 2332 animi,
1299 2273 1444 2334 quae
1465 2254 1715 2314 membra
1744 2249 2076 2331 gubernat?

380 2340 562 2397 iamne
584 2336 748 2398 vides
773 2346 1036 2416 quantum
1056 2341 1242 2398 tenuis
1267 2348 1461 2398 natura
1485 2337 1681 2398 valere

380 2422 598 2500 possit,
618 2421 716 2481 ubi
740 2429 831 2481 est
856 2423 1154 2481 coniuncta
1177 2423 1337 2499 gravi
1360 2440 1487 2483 cum
1511 2438 1581 2482 co
1656 2438 1756 2481 ore
1774 2467 1792 2499 ‚
1816 2431 1879 2482 ut
1903 2427 2004 2482 aer

383 2506 718 2566 coniunctus
742 2506 910 2565 terris
935 2514 993 2565 et
1014 2505 1180 2565 nobis
1210 2514 1300 2565 est
1321 2506 1485 2564 animi
1512 2506 1600 2565 vis

464 2587 591 2649 Nec
611 2589 781 2649 nimio
805 2587 945 2649 solis
968 2590 1145 2649 maior
1168 2599 1294 2649 rota
1319 2606 1428 2649 nec
1459 2589 1642 2648 minor
1661 2589 1829 2648 ardor

252 2680 354 2734 565
384 2690 519 2733 esse
542 2682 770 2751 potest,
804 2674 1012 2732 nostris
1037 2690 1201 2751 quam
1225 2673 1489 2733 sensibus
1516 2690 1651 2733 esse
1673 2671 1916 2732 videtur.

379 2774 504 2814 nam
528 2757 731 2834 quibus
757 2775 790 2816 e
813 2757 1009 2834 spatiis
1037 2763 1278 2834 cumque
1302 2758 1469 2834 ignes
1493 2755 1701 2815 lumina
1730 2761 1973 2834 possunt

378 2839 608 2899 adicere
634 2849 694 2899 et
719 2838 958 2899 calidum
986 2839 1253 2899 membris
1276 2839 1485 2899 adffare
1514 2856 1788 2917 vaporem
1805 2884 1824 2916 ,

377 2920 456 2981 nil
478 2923 587 2984 illa
607 2922 696 2985 his
719 2922 1031 2984 intervallis
1057 2923 1129 2982 de
1155 2938 1399 3002 corpore
1422 2923 1598 2983 libant

379 3005 716 3067 flammarum
732 3053 750 3084 ,
777 3005 854 3066 nil
880 3007 950 3067 ad
972 3006 1232 3085 speciem
1253 3016 1343 3067 est
1371 3007 1718 3068 contractior
1736 3006 1907 3082 ignis.

251 3095 355 3151 570
377 3090 616 3169 proinde
633 3138 651 3169 ,
677 3090 836 3152 calor
865 3090 1125 3169 quoniam
1148 3088 1290 3150 solis
1313 3088 1617 3169 lumenque
1649 3089 1945 3168 profusum

377 3177 717 3252 perveniunt
740 3184 969 3235 nostros
995 3174 1065 3234 ad
1088 3191 1295 3234 sensus
1321 3182 1379 3234 et
1403 3172 1536 3234 loca
1561 3172 1853 3248 mulcent,

377 3257 558 3316 forma
582 3275 811 3337 quoque
840 3257 972 3317 binc
995 3256 1137 3318 solis
1162 3256 1338 3317 debet
1361 3256 1626 3335 filumque
1650 3255 1871 3333 videri,

379 3337 458 3397 nil
482 3339 628 3400 adeo
652 3350 711 3400 ut
733 3342 925 3419 possis
949 3339 1078 3419 plus
1104 3348 1197 3398 aut
1221 3342 1401 3401 minus
1426 3340 1637 3401 addere
1654 3386 1672 3418 ,
1698 3358 1858 3399 vere.

376 3421 625 3501 lunaque
652 3425 776 3484 sive
799 3422 973 3482 notho
999 3423 1178 3483 fertur
1205 3422 1336 3484 loca
1359 3423 1568 3484 lumine
1593 3422 1839 3486 lustrans
1857 3470 1877 3504 ‚
