2409 3825
956 165 1370 252 PRAErAriO.
2080 206 2160 254 111

192 343 435 422 1161111111
454 366 638 434 leviter
665 364 986 418 retractavit
1012 367 1065 416 et
1091 362 1277 418 Caesio
1316 364 1493 420 Basso
1525 365 1762 436 petenti,
1784 368 1845 418 ut
1876 364 1995 433 ipse
2032 365 2159 418 ede-

91 437 97 441 *
194 455 308 517 ret,
352 448 576 503 tradidit
625 447 892 501 edendum
906 468 924 508 ‚-
973 462 1151 523 quem
1195 444 1329 520 jam
1367 453 1495 503 tum
1561 443 1924 516 carminibus
1980 443 2160 502 editis

195 529 426 586 clarum
469 536 530 586 et
575 527 963 605 conspicuum
1003 526 1192 585 fuisse
1232 527 1421 605 ipsius
1467 528 1667 587 Persii
1719 525 2047 605 appellatio
2095 527 2161 584 111

193 612 422 669 satirae
455 618 668 668 sextae
711 610 882 669 initio
914 611 1059 668 satis
1091 611 1384 684 ostendit,
1416 630 1618 690 neque
1647 611 1763 669 hoc
1807 610 1941 687 ipso
1982 628 2157 686 argu-

191 702 399 753 mento
441 694 531 752 uti
578 713 792 753 recuso
825 692 905 751 ad
941 693 1231 752 tuendam
1264 694 1589 753 lectionem
1614 714 1675 750 v.
1719 692 1757 752 6
1787 697 2033 766 eyreyius
2076 697 2158 750 lu-

189 782 333 835 sisse
359 793 568 848 senex,
600 796 781 855 quam
809 795 890 835 ex
919 777 1142 855 optimo
1174 776 1385 836 codice
1421 776 1821 855 Lugdunensi
1851 776 1993 835 olim
2024 796 2157 835 eru-

10 889 19 916 ·.
108 917 117 918 ff
190 868 319 918 tam
351 860 537 918 etiam
562 879 724 917 nunc
752 860 816 917 in
847 858 1118 919 ordinem
1145 861 1423 938 recipere
1450 881 1574 919 non
1605 855 1897 918 dubitaui.
1932 857 2157 935 Quam·

190 944 290 1002 vis
330 944 489 1003 enim
518 942 718 1002 Persii
742 943 818 1000 ab
849 943 1029 1019 hujus
1059 941 1474 1002 adolescentia
1509 943 1765 1002 amicum
1787 942 1975 1001 fuisse
2006 943 2156 1001 Bas·

190 1047 328 1087 sum
352 1026 531 1085 modo
560 1026 903 1103 legerimus,
939 1025 1260 1106 aequalem
1289 1035 1493 1086 tamen
1522 1026 1723 1086 Persii
1756 1025 1963 1097 fuisse,
1998 1025 2161 1105 quod

188 1111 476 1190 plerique
509 1117 878 1182 statuerunt,
908 1109 1050 1168 inde
1086 1129 1213 1167 non
1252 1111 1560 1189 sequitur3
1597 1111 1776 1168 immo
1809 1109 2159 1188 planissime
2209 1121 2216 1126 '

188 1194 619 1269 grammaticus
655 1194 954 1271 posterius
986 1192 1226 1252 demum
1254 1191 1333 1251 ad
1362 1193 1653 1273 aequales
1674 1192 1873 1252 Persii
1901 1193 2157 1250 familia-

187 1295 292 1335 res
322 1276 567 1351 transit3
600 1275 891 1349 Bassum,
927 1277 980 1334 31
1000 1277 1131 1352 jam
1169 1286 1297 1334 tum
1335 1285 1557 1355 poetae
1586 1295 1807 1335 nomen
1836 1285 2157 1346 meruerat,

185 1360 636 1439 provectiorem
671 1367 872 1417 aetate
906 1359 1095 1417 fuisse
1121 1378 1375 1417 necesse
1406 1367 1526 1431 est,
1558 1360 1689 1417 sive
1711 1358 1972 1417 maxime
1996 1367 2157 1430 tunc,

189 1463 379 1522 quum
422 1442 748 1500 amicitiam
800 1461 935 1500 cum
982 1441 1193 1500 Persio
1247 1441 1700 1500 adolescentulo
1743 1441 1968 1518 junxit,
2002 1442 2159 1499 inter

179 1528 454 1603 juvenes
487 1524 864 1596 censebatur,
895 1524 1012 1582 1106
1043 1525 1337 1583 moriente
1369 1524 1552 1583 facile
1596 1524 2159 1603 quinquagesimum

189 1629 417 1667 annum
458 1606 733 1684 attigisse
772 1614 1042 1686 poterat,
1087 1607 1185 1665 cui
1231 1609 1448 1685 aetatis
1490 1607 1706 1684 gradui
1735 1608 1996 1666 Romani
2028 1609 2158 1666 sine

189 1692 322 1751 ulla
353 1691 731 1751 dubitatione
762 1693 1616 1762 senectutemconcesserunt,
1652 1691 1728 1749 cf.
1749 1690 1877 1749 Cic.
1901 1690 2030 1749 Att.
2047 1692 2158 1748 VI.

180 1776 254 1847 6,
285 1775 505 1833 Horat.
543 1772 726 1832 Satir.
756 1774 841 1831 11.
879 1772 933 1830 1.
979 1772 1076 1846 34,
1112 1774 1250 1832 Liv.
1280 1774 1495 1834 XXX.
1535 1773 1633 1846 30,
1670 1773 1834 1848 Stat..
1861 1773 2013 1832 silv.
2046 1775 2156 1833 IV.

190 1858 254 1919 9.
289 1855 390 1918 20.
449 1859 548 1917 De
581 1857 717 1916 aliis
748 1857 946 1918 Persii
977 1857 1218 1936 scriptis
1266 1877 1423 1940 quae
1453 1858 1879 1935 grammaticus
1919 1876 2155 1936 compe·

189 1951 376 2016 rerat,
406 1942 502 2002 his
530 1941 734 2001 verbis
763 1948 999 1999 narrat:
1031 1946 1338 2014 scripserat
1375 1947 1536 2015 etiam
1565 1946 1808 1999 Flaccus
1833 1947 1890 1999 in
1915 1947 2158 2014 pueritia

180 2034 543 2100 praelcoetam
585 2029 771 2084 Vescio
803 2051 887 2071 —o-
915 2025 1019 2083 vel
1048 2045 1409 2104 quocunque
1451 2025 1573 2083 alio
1606 2024 1848 2084 nomine
1882 2025 2038 2083 haec
2067 2025 2155 2082 fa·

189 2108 341 2168 bula
399 2109 513 2167 fuit
527 2153 541 2182 ,
594 2128 773 2188 quam
824 2102 1216 2167 Heinrichius
1274 2111 1609 2180 Restionem,
1655 2109 2002 2167 Diintzerus
2046 2111 2156 2166 De-

193 2199 354 2262 cium,
385 2192 693 2252 Prellerus
727 2212 806 2251 ex
837 2191 993 2250 alius
1025 2190 1258 2252 scholii
1285 2192 1559 2269 vestigiis
1579 2195 1854 2263 Nasicam,
1884 2191 2158 2270 proxime

196 2276 462 2354 denique
513 2275 593 2333 ad
634 2276 945 2334 literarum
989 2274 1203 2334 ductus
1248 2275 1548 2335 accedens
1583 2274 1870 2334 Hertzius
1923 2273 2157 2372 (philol.

194 2359 346 2419 klin.
398 2358 706 2434 Streifzug
752 2357 929 2430 1849,
972 2379 1032 2436 p.
1066 2357 1172 2437 27)
1207 2379 1288 2418 ex
1329 2359 1466 2418 Liv.
1507 2358 1624 2416 IX.
1662 2356 1741 2416 25
1793 2362 2039 2417 Vesciam
2068 2358 2155 2415 in-

196 2442 381 2502 scribi
408 2442 714 2500 maluit—
726 2449 780 2499 et
805 2432 1198 2519 ὃδοιπορικῶν
1231 2446 1428 2500 librum
1457 2446 1627 2500 tinam
1655 2451 1709 2501 et
1740 2460 1956 2516 paucos
1983 2447 2040 2499 ia
2069 2459 2157 2498 so·

194 2545 354 2584 crum
387 2528 685 2597 Thraseae,
710 2529 937 2582 Arriam
957 2534 1204 2596 matrem,
1226 2544 1435 2597 versus,
1458 2543 1625 2599 quae
1625 2543 1687 2584 se
1713 2536 1840 2583 ante
1862 2529 2037 2582 virum
2067 2542 2156 2581 oc-

196 2612 412 2667 ciderat
428 2633 449 2672 ,·
477 2607 588 2668 sed
617 2625 685 2666 ea
719 2614 915 2680 omnia,
944 2610 1158 2688 inquit,
1189 2617 1385 2667 auctor
1409 2612 1519 2683 fuit
1549 2611 1817 2667 Cornutus
1845 2613 2014 2664 matri
2033 2611 2161 2679 ejus

191 2701 257 2752 ut
281 2691 535 2763 aboleret,
571 2690 758 2772 idque
790 2692 1105 2750 consilium
1132 2702 1331 2751 ratum
1359 2692 1546 2750 fuisse
1588 2693 1692 2751 vel
1714 2690 1856 2750 inde
1885 2697 2157 2768 apparet,

196 2774 414 2856 quod
388 2794 518 2851 Jam
548 2775 863 2852 proximae
906 2776 1122 2834 aetatis
1163 2784 1443 2835 auctores
1480 2795 1666 2833 unum
1706 2783 1966 2846 tantum,
1998 2770 2160 2852 quo'd

176 2877 309 2916 nos
354 2878 594 2936 quoque
636 2868 939 2931 tenemus,
982 2879 1094 2917 sex
1134 2860 1453 2940 satirarum
1497 2859 1783 2917 volumen
1825 2864 2156 2929 noverunt3

122 2953 128 2959 ’
197 2941 277 3000 cf.
311 2938 566 3016 Quintil.
603 2941 686 2998 X.
735 2941 789 2998 1.
831 2939 944 2999 94:
985 2946 1209 3000 multum
1242 2951 1296 3000 et
1328 2932 1498 3000 verae
1523 2946 1732 3016 gloriae
1768 2945 2012 3017 quamvis
2052 2958 2159 2996 uno
2239 2968 2244 2981 ·

183 3027 334 3083 -libro
357 3026 586 3082 Persius
608 3029 821 3096 meruit,
851 3032 912 3082 et
940 3026 1205 3083 Martial.
1240 3026 1351 3084 IV.
1385 3023 1501 3084 28.
1519 3026 1588 3083 7.

497 3112 721 3182 saepius
746 3112 803 3164 in
834 3111 969 3166 libro
998 3118 1334 3168 memoratur
1362 3111 1594 3166 Persius
1620 3126 1745 3181 uno,

607 3210 770 3264 quam
802 3195 931 3249 levis
955 3197 1012 3248 in
1038 3202 1157 3250 tota.
1178 3194 1410 3249 Marsus
1431 3194 1785 3252 Amazonide.

364 3274 449 3338 At
482 3274 642 3332 enim
668 3274 858 3346 hunc,
892 3283 959 3333 ut
988 3277 1074 3333 ait
1097 3276 1551 3351 grammaticus,
1575 3278 1772 3332 editum
1804 3277 1998 3332 librum
2032 3291 2152 3330 con-

196 3363 344 3416 tinuo
366 3362 565 3414 mirari
591 3367 644 3414 et
670 3360 915 3430 diripere
935 3360 1177 3416 homines
1197 3366 1519 3431 coeperunt,
1552 3358 1805 3435 ejusque
1837 3355 2020 3415 studii
2049 3374 2160 3437 per
2253 3398 2256 3401 2

198 3441 400 3499 omnia
443 3440 731 3517 deinceps
763 3441 1009 3499 saecula
1037 3443 1361 3520 propagati
1388 3441 1560 3501 nobis
1592 3459 1834 3519 quoque
1876 3446 2063 3497 testes
2098 3445 2159 3495 et

199 3524 441 3584 codices
457 3532 550 3582 sat
573 3522 744 3582 multi
760 3525 1115 3607 antiquique
1146 3533 1208 3588 et
1240 3523 1486 3586 Scholia
1510 3529 1851 3604 supersunt,
1869 3539 2027 3601 quae
2045 3520 2154 3578 ets'
