2409 3825
192 159 275 225 72
341 192 347 197 ·
435 160 440 166 ’
1154 163 1237 224 111

445 331 659 395 Dicere
686 351 858 411 porro
884 331 1086 394 oculos
1109 332 1317 395 nullam
1344 352 1466 394 rem
1497 353 1735 395 cernere
1758 354 1937 414 posse
1956 360 1995 416 ,-

234 427 340 484 360
361 416 466 477 sed
496 435 601 495 per
619 435 722 479 eos
743 419 983 479 animum
1013 426 1071 476 ut
1094 417 1312 477 foribus
1337 428 1604 497 spectare
1635 418 1878 481 reclusis
1895 466 1913 498 ‚

361 500 686 579 desiperest
701 548 718 580 ,
749 511 943 562 contra
967 520 1095 560 cum
1117 520 1322 563 sensus
1348 504 1496 563 dicat
1519 520 1746 572 eorum;

363 584 591 662 [sensus
615 588 762 646 enim
784 585 950 645 trahit
973 594 1143 663 atque
1165 587 1322 646 acies
1349 585 1594 646 detrudit
1616 586 1686 646 ad
1707 588 1886 666 ipsas]

358 666 573 747 fulgida
600 670 936 749 praesertim
961 687 1087 729 cum
1111 686 1350 730 cernere
1381 687 1558 747 saepe
1587 673 1882 750 nequimus
1899 718 1916 750 ‚

366 751 572 813 lumina
595 753 898 814 luminibus
925 755 1052 831 quia
1073 754 1239 816 nobis
1272 754 1731 832 praepediuntur.

233 846 336 902 365
364 837 516 914 quod
543 836 764 897 foribus
792 854 905 896 non
937 837 1023 897 fit:
1049 855 1239 915 neque
1266 840 1414 909 enim
1431 884 1448 916 ‚
1476 841 1604 917 quia
1629 840 1910 901 cernimus
1940 842 2105 923 ipsi,

360 923 503 980 ostia
531 922 846 1000 suscipiunt
868 918 1042 979 ullum
1063 921 1294 982 reclusa
1314 920 1588 982 laborem.

362 1015 660 1082 praeterea
683 1007 730 1065 si
755 1021 860 1083 pro
890 1003 1107 1064 foribus
1132 1012 1261 1066 sunt
1284 1004 1491 1065 lumina
1514 1015 1707 1067 nostra
1725 1053 1741 1084 ,

359 1090 465 1147 iam
481 1078 667 1165 'magis
692 1089 972 1166 exemptis
998 1088 1180 1149 oculis
1207 1089 1422 1150 debere
1445 1090 1671 1150 videtur

364 1190 604 1231 cernere
626 1190 722 1231 res
750 1174 964 1232 animus
988 1172 1226 1234 sublatis
1254 1174 1516 1250 postibus
1548 1176 1709 1252 ipsis.

231 1262 336 1318 370
449 1254 597 1314 Illud
624 1257 680 1314 in
702 1256 788 1315 his
813 1256 986 1315 rebus
1017 1275 1373 1336 nequaquam
1396 1276 1622 1318 sumere
1650 1260 1840 1337 possis
1858 1304 1876 1336 ‚

362 1339 675 1399 Democriti
699 1339 850 1417 quod
879 1349 1071 1400 sancta
1098 1342 1201 1400 viri
1227 1344 1508 1403 sententia
1532 1344 1720 1420 ponit,

295 1444 302 1449 ·
364 1425 622 1501 corporis
645 1433 814 1501 atque
837 1426 1002 1483 animi
1025 1424 1328 1503 primordia
1345 1472 1362 1504 ‚
1389 1425 1610 1503 singula
1629 1428 1805 1504 privis

361 1506 618 1584 adposita
637 1554 653 1585 ,
680 1507 912 1567 alternis
936 1510 1153 1568 variare
1173 1555 1189 1585 ,
1214 1527 1281 1569 ac
1305 1519 1543 1570 nectere
1568 1509 1833 1570 membra.

364 1609 488 1650 nam
517 1610 643 1650 cum
672 1591 846 1651 multo
872 1601 1000 1652 sunt
1032 1592 1315 1654 elementa
1338 1596 1551 1674 minora
1572 1595 1769 1654 animai

233 1680 334 1736 375
365 1693 529 1754 quam
559 1677 762 1753 quibus
790 1696 821 1735 e
855 1693 1064 1754 corpus
1088 1678 1253 1736 nobis
1285 1688 1341 1738 et
1371 1681 1595 1739 viscera
1621 1686 1913 1756 constant,

360 1767 475 1818 tum
498 1778 730 1820 numero
761 1778 989 1839 quoque
1014 1761 1335 1822 concedunt
1359 1772 1417 1823 et
1438 1779 1561 1821 rara
1586 1780 1691 1840 per
1712 1772 1866 1822 artus

363 1843 556 1903 dissita
583 1854 711 1903 sunt
736 1844 1049 1915 dumtaxat;
1074 1845 1274 1905 uthoc
1305 1849 1638 1926 promittere
1664 1848 1857 1927 possis
1874 1893 1892 1924 ‚

363 1927 626 2005 quantula
656 1929 814 2006 priva
840 1939 1047 2005 queant
1068 1929 1235 1990 nobis
1259 1933 1465 1990 iniecta
1489 1933 1643 1991 ciere

365 2027 606 2089 corpora
627 2011 941 2071 sensiferos
965 2023 1149 2072 motus
1179 2016 1235 2071 in
1262 2013 1504 2093 corpore
1522 2060 1540 2090 ,
1571 2024 1721 2075 tanta

236 2102 340 2157 380
363 2092 656 2154 intervalla
678 2104 877 2155 tenere
901 2096 1132 2156 exordia
1157 2099 1315 2175 priva
1340 2100 1556 2157 animai.

362 2196 484 2237 nam
511 2196 698 2255 neque
725 2178 979 2258 pulveris
1003 2182 1151 2241 inter
1172 2180 1302 2239 dum
1326 2183 1599 2242 sentimus
1624 2181 1930 2243 adhaesum

363 2278 609 2340 corpore
640 2281 750 2321 nec
775 2264 1039 2324 membris
1063 2266 1348 2326 incussam
1372 2266 1562 2326 sidere
1591 2276 1801 2326 cretam
1817 2311 1837 2345 ‚

361 2364 469 2405 nec
492 2343 754 2405 nebulam
781 2357 954 2407 noctu
977 2366 1165 2425 neque
1194 2352 1348 2408 arani
1369 2352 1555 2410 tenvia
1582 2349 1673 2409 fila

363 2430 528 2488 obvia
555 2432 827 2490 sentimus
846 2476 863 2508 ‚
891 2432 1111 2510 quando
1143 2433 1453 2493 obretimur
1477 2443 1678 2494 euntes
1695 2478 1713 2510 ‚

235 2521 335 2574 385
362 2531 702 2591 nec-supera
727 2524 893 2593 caput
916 2515 1171 2575 eiusdem
1203 2517 1489 2578 cecidisse
1510 2519 1716 2578 vietam
1768 2565 1779 2581 ,

360 2606 612 2675 vestem,
639 2617 748 2658 nec
780 2598 998 2677 plumas
1030 2601 1214 2661 avium
1244 2618 1581 2681 papposque
1612 2599 1889 2679 volantis,

362 2684 454 2759 qui
480 2684 643 2741 nimia
666 2682 898 2743 levitate
928 2683 1131 2744 cadunt
1156 2683 1494 2764 plerumque
1516 2686 1788 2763 gravatim
1804 2731 1821 2763 ,

363 2784 471 2825 nec
495 2769 749 2845 repentis
774 2771 909 2827 itum
936 2769 1432 2848 cuiusviscumque
1455 2771 1743 2831 animantis

365 2852 636 2910 sentimus
654 2897 671 2927 ,
697 2867 808 2911 nec
830 2853 989 2929 priva
1011 2851 1222 2931 pedum
1247 2856 1490 2931 vestigia
1513 2871 1774 2932 quaeque
1791 2899 1808 2929 ‚

239 2940 342 2993 390
366 2950 609 3012 corpore
637 2952 779 3012 quae
805 2937 862 2994 in
889 2944 1085 2995 nostro
1112 2936 1329 2996 culices
1355 2948 1412 2997 et
1444 2945 1636 2999 cetera
1658 2946 1891 3015 ponunt.

361 3036 544 3095 usque
567 3017 711 3078 adeo
742 3021 899 3097 prius
931 3022 1099 3079 estin
1121 3021 1287 3081 nobis
1315 3020 1487 3081 multa
1518 3021 1775 3081 ciendum

361 3102 573 3160 semina
605 3103 942 3180 corporibus
967 3105 1175 3164 nostris
1207 3106 1435 3166 inmixta
1463 3123 1571 3184 per
1591 3112 1744 3164 artus
1763 3150 1779 3181 ,

361 3203 526 3262 quam
556 3186 856 3262 primordia
883 3190 1194 3248 sentiscant
1230 3205 1510 3249 concussa
1536 3189 1734 3249 animai

359 3278 417 3328 et
449 3286 613 3345 quam
637 3270 692 3327 in
715 3269 802 3329 his
833 3271 1149 3332 intervallis
1173 3272 1467 3333 tuditantia
1489 3272 1712 3354 possint

226 3358 330 3411 395
359 3369 704 3411 concursare
733 3354 887 3412 coire
919 3363 977 3413 et
1005 3354 1308 3415 dissultare
1330 3358 1602 3418 vicissim.
1635 3352 1665 3438 Η

355 3473 358 3474 ⁷
444 3433 516 3493 Et
539 3438 715 3511 magis
748 3446 836 3496 est
856 3439 1069 3498 animus
1091 3441 1224 3499 vitai
1255 3437 1500 3500 claustra
1525 3448 1806 3501 coercens
